3082 5138
209 504 279 549 eir.
294 492 336 575 n]
597 511 702 559 {rums
722 510 818 559 rsus

206 671 323 745 pariter
336 681 363 725 et
378 670 414 725 de
428 670 502 726 borio
518 688 607 746 opere
621 670 766 726 instruere
783 672 882 727 uoletis
897 672 1065 747 discipulos.
1082 674 1196 747 qualem

209 758 237 811 in
266 757 321 812 ltiis
343 756 487 812 cautelam
520 757 670 828 haberent,
701 758 886 814 animoneiat
908 759 1022 815 diceris:
1050 759 1106 815 l'os
1128 761 1197 816 estis

207 845 255 899 sal
276 854 364 899 terre.
393 843 482 920 Quod
503 845 531 900 si
550 844 597 899 sal
611 845 762 901 evanuerit
777 844 805 899 iu
821 863 877 920 quo
892 846 1039 902 salietur?
1053 848 1093 901 ad
1108 846 1197 903 triciti!

209 931 286 986 ualet
308 929 387 985 ultra
412 931 468 986 nisi
489 942 521 986 ut
543 930 678 986 mittatur
691 932 785 1006 joras
817 943 845 988 et
877 930 1064 990 eorteulcetur
1085 933 1121 989 ai
1145 934 1193 988 lto-

182 1017 332 1074 5mim‘bus
354 1014 401 1097 (ut
420 1029 502 1094 patet
525 1018 651 1074 Marmei
679 1018 731 1091 l').·
753 1020 807 1074 itoe
829 1031 881 1081 est,
906 1019 977 1076 dicit
999 1018 1195 1094 Augustinus.

207 1105 234 1160 si
255 1104 360 1160 doctor
381 1104 538 1169 errauerit,
562 1123 651 1180 aquo
670 1106 776 1161 iterum
794 1106 914 1164 devotare
929 1107 1154 1163 emendabitur?

249 1191 291 1247 Et
311 1191 339 1248 si
360 1192 457 1248 lumen
480 1193 557 1267 quod
579 1193 608 1248 in
632 1203 660 1249 te
682 1204 737 1257 est,
765 1193 881 1249 tertebre
903 1194 969 1253 sim.
993 1194 1054 1269 ipse
1080 1195 1196 1251 tenebre

207 1289 312 1354 quante
334 1279 442 1335 erunt?
465 1279 498 1335 Si
509 1298 634 1354 narique
656 1281 757 1337 oculus
772 1298 790 1335 a
808 1279 925 1337 ridendi
947 1280 1044 1358 osjiet‘o
1067 1280 1196 1345 desierit.

207 1366 296 1440 quise
307 1384 394 1421 marm
406 1367 452 1423 rel
463 1366 540 1443 pede
557 1367 634 1424 vela
651 1367 763 1442 reliquo
778 1384 904 1443 corpore
914 1367 989 1423 illud
1004 1368 1194 1425 ministerium

166 1452 331 1530 tocxiget?
357 1453 549 1530 Quapropter
571 1454 696 1511 lectores
718 1455 845 1532 cogitent
865 1472 900 1511 rte
917 1455 1057 1531 arrtpliori
1073 1455 1196 1512 vindicte

206 1540 381 1610 subiaceant,
415 1540 442 1596 si
461 1541 560 1617 pluris
577 1541 754 1616 perdicionis
776 1542 953 1599 occasionem
978 1541 1195 1600 habundancius

204 1638 346 1702 prestent.

250 1715 320 1771 ideo
352 1712 425 1770 dicit
450 1714 613 1787 Gregorius
647 1732 739 1790 super
774 1715 847 1773 illud
876 1715 1002 1774 llatthei
1035 1717 1135 1793 XVlll,
1158 1718 1192 1773 6:

109 1806 173 1857 353ε
206 1801 240 1856 Si
261 1801 326 1876 quis
352 1801 598 1882 scandalizaverit
617 1795 622 1882 Ι
643 1821 730 1858 unum
763 1803 798 1860 de
832 1804 949 1879 pusillis
976 1802 1048 1869 istis,
1076 1803 1194 1878 erpo-iit

164 1889 241 1957 15ei,
266 1901 296 1943 ut
318 1888 517 1964 suspendatur
540 1889 617 1945 mola
640 1889 770 1946 asinaria
794 1890 822 1946 ia
845 1890 921 1947 collo
945 1891 1006 1947 eius
1028 1901 1055 1946 et
1079 1889 1191 1947 denter·

204 1986 299 2052 gutur
332 1976 360 2030 in
389 1976 573 2051 profundum
606 1977 709 2034 utaris.
752 1977 818 2033 Hoc
850 1989 902 2043 est,
932 1976 1039 2052 inquit,
1076 1977 1193 2053 erpetlit

205 2073 308 2118 curato
333 2081 390 2138 per
412 2063 521 2119 molam
546 2064 634 2118 vitam
656 2082 740 2120 suam
763 2064 978 2143 seortdulieartti
999 2063 1139 2129 subditos,
1163 2075 1193 2119 ut

205 2151 295 2227 degat
319 2149 459 2205 abiectam
477 2150 564 2205 uitam
587 2151 763 2207 rrturtdortam
781 2169 798 2206 u
819 2151 1018 2227 superioribus
1040 2150 1191 2207 lirrritaturrt

204 2249 230 2292 et
254 2237 431 2312 dantprtetur
464 2238 651 2313 postmodum
686 2239 788 2295 miritis
815 2239 844 2293 itt
877 2239 1036 2313 infernum,
1059 2237 1125 2312 quia
1149 2246 1192 2304 (ut

160 2323 302 2398 zoinquit
327 2320 505 2402 Gregorius)
538 2335 580 2380 tot
609 2325 751 2382 mortibus
781 2325 865 2404 digni
891 2335 957 2381 sunt
981 2324 1092 2400 prelati
1125 2336 1192 2399 qum

200 2410 379 2486 perdicionis
402 2411 537 2488 exemplo
560 2412 600 2467 ad
622 2412 752 2468 subditos
775 2412 983 2468 trunsrrtitttmt.

247 2500 283 2554 Et
306 2498 361 2554 hec
393 2497 476 2555 racio
509 2516 579 2572 sepe
612 2498 762 2556 dictorum
803 2518 895 2573 quare
931 2497 1064 2556 caritatis
1088 2498 1191 2573 regula

203 2583 363 2642 necessitat
384 2584 524 2642 dominos
548 2586 697 2643 seculares
720 2587 893 2643 abstrahere
917 2586 1091 2643 fucultatem
1116 2599 1190 2643 tent-
1212 2595 1271 2648 lum
1287 2604 1309 2639 ιιι
1327 2598 1399 2640 nitet,

203 2671 355 2746 poralium
381 2691 398 2729 a
422 2671 549 2743 clericis,
574 2691 734 2748 perquam
752 2692 783 2730 se
801 2672 882 2748 ipsos
900 2672 1063 2730 incendunt
1088 2672 1190 2748 culpu-
1219 2650 1388 2745 [ffilllflsslll

159 2758 302 2816 ribiliter
325 2761 363 2816 ad
400 2758 551 2817 infernum
576 2773 604 2817 et
637 2762 777 2817 deserunt
808 2758 996 2836 paupertatis
1020 2759 1190 2833 evangelice

203 2847 283 2919 leges
306 2865 382 2921 quas
414 2845 546 2903 limitant
569 2847 649 2920 leges
680 2846 801 2906 Christi.
837 2849 922 2905 Unde
946 2846 1054 2921 prelati
1079 2848 1188 2904 debent

202 2935 239 2990 de
263 2932 321 2990 ista
344 2933 505 2991 coaccione
530 2933 700 3008 evangelica
726 2936 924 3009 congaudere.

246 3021 332 3077 Unde
355 3020 559 3078 Crisostomus
576 3020 694 3079 Omelia
719 3023 756 3077 Χ·
772 3021 881 3096 Operis
906 3021 1074 3096 lmperlecti
1100 3040 1190 3097 super

201 3107 253 3164 illo
277 3107 386 3164 Luceni
418 3108 472 3164 lux
495 3121 592 3165 vestra
616 3122 685 3183 etc,
718 3107 790 3166 dicit
814 3110 893 3183 quod
919 3109 968 3184 qui
989 3109 1071 3165 docet
1094 3108 1188 3187 legem

158 3195 363 3251 solmnitates
379 3213 435 3251 non
449 3196 540 3270 facit,
567 3214 598 3252 se
620 3196 713 3271 ipsum
738 3195 888 3272 dampnat,
911 3196 985 3253 alios
1008 3196 1189 3276 scartdalirat

201 3294 228 3337 et
252 3279 347 3338 Deum
382 3282 573 3358 blasphemat.
608 3286 643 3339 Et
667 3281 785 3339 Omelia
818 3284 882 3339 XL·
905 3282 947 3340 sic
979 3281 1096 3340 scribit:
1121 3284 1191 3341 bene

202 3369 331 3424 docendo
354 3380 381 3425 et
405 3369 481 3425 mole
504 3370 625 3426 vivendo
641 3371 736 3426 Deum
762 3371 847 3427 doces
871 3371 1014 3445 quorrtodo
1037 3382 1065 3427 te
1088 3370 1189 3428 debeat

202 3455 426 3531 condempnare,
451 3456 516 3531 quia
541 3474 605 3512 eum
629 3475 661 3513 os
693 3467 720 3512 et
751 3475 824 3533 opus
855 3468 922 3513 sttrtt
946 3456 984 3513 ita
1000 3457 1086 3531 salsa
1110 3468 1137 3515 et
1160 3457 1188 3513 in

201 3560 290 3618 opere
312 3543 461 3599 contraria
484 3543 539 3599 sibi
561 3544 640 3620 ipsis,
668 3542 850 3619 pertinenter
869 3554 965 3620 potest
989 3544 1069 3601 Iletts
1093 3544 1190 3601 dicere

156 3628 540 3700 asinudlucex1x‚22:
569 3631 616 3686 lie
639 3649 691 3687 ore
714 3643 762 3686 tuo
786 3643 813 3687 te
835 3630 930 3688 iudico
953 3649 1037 3688 serre
1057 3649 1187 3706 rteqtmm.

201 3717 271 3772 ldeo
295 3722 342 3783 (ut
358 3715 498 3791 inquiunt
515 3717 617 3775 fideles
634 3717 736 3793 logici)
754 3718 854 3775 nullus
871 3717 1022 3793 redarguit
1046 3737 1076 3775 se
1090 3717 1186 3792 ipsunt

253 3969 271 4012 5.
287 3970 309 4012 A
323 3969 346 4012 in
362 3981 449 4023 marg:
463 3968 614 4025 Augustinus.
691 3982 713 4023 9.
729 3969 758 4012 15:
774 3968 848 4033 ipsum
862 3970 1022 4013 ministerimn.
1079 3968 1110 4013 ti.
1127 3972 1145 4013 Λ
1163 3971 1185 4014 in

200 4032 287 4074 marg:
304 4020 444 4077 Gregorius.
526 4032 557 4072 ¹4·
573 4021 662 4065 codd:
687 4023 855 4077 aconteltnmlt'.
936 4024 967 4065 til.
983 4024 1016 4065 A:
1038 4027 1062 4065 ut
1076 4022 1185 4077 detergat.

200 4084 235 4115 20.
251 4076 284 4116 A:
308 4074 420 4117 mortibus
441 4073 542 4121 sciliccn·
557 4073 587 4116 ib.
606 4075 627 4117 Λ
644 4074 666 4116 in
685 4086 771 4127 marga
789 4074 927 4131 (Iregorim.
983 4076 1047 4117 tall
1065 4075 1087 4117 in
1100 4088 1184 4127 tuing:

199 4125 325 4169 doluimus.
380 4124 413 4179 23,
428 4137 464 4176 ιι.
481 4126 514 4168 A:
523 4124 642 4182 saeuitum
657 4127 826 4181 temporalium.
881 4128 915 4169 ut.
931 4129 949 4170 Λ
967 4128 989 4170 in
1006 4139 1091 4179 liturg:
1109 4127 1184 4170 (Irim

199 4181 293 4220 stomus.
348 4176 383 4220 30.
399 4177 488 4220 (lodda
504 4178 655 4221 scartdelizai.
719 4178 751 4222 33.
767 4181 800 4222 A:
816 4183 839 4222 et
854 4181 932 4222 beloto
947 4180 970 4222 in
989 4180 1060 4222 deest.

254 4304 277 4354 5.
296 4302 386 4352 Matth.
405 4303 437 4364 V,
459 4305 497 4355 13.
553 4319 576 4367 7.
588 4303 676 4353 Matth.
688 4304 730 4365 Vl,
744 4307 785 4354 23.
844 4306 881 4356 13.
901 4304 927 4352 ln
943 4305 1012 4368 (inp.
1027 4307 1052 4354 S.
1068 4305 1185 4367 Gregorii

201 4372 242 4423 hic
261 4374 335 4422 locus
357 4389 409 4422 non
426 4372 545 4422 habetur.
571 4374 611 4424 Cf.
631 4375 768 4423 Moralium
780 4375 822 4435 Vl,
842 4390 900 4439 trag.
921 4375 978 4422 208.
1052 4376 1091 4423 28.
1111 4377 1186 4440 (lpus

203 4444 268 4509 Imp.
287 4444 303 4492 l.
323 4459 345 4492 e.
364 4446 423 4511 793,
442 4443 502 4510 noi.
