3082 5138
659 486 748 537 oetts
767 486 1019 536 Evsttotzttcttn
1193 468 1277 550 [eso.
1293 480 1340 524 ιι..

349 648 491 703 diceiones
519 667 588 703 suas
615 666 705 722 super
728 649 818 703 iustos
847 660 874 704 et
901 649 1031 719 iniustos,
1055 658 1183 723 propter
1205 646 1286 721 quod
1311 646 1340 700 in

351 735 455 790 uestris
477 735 591 808 quidem
615 745 705 790 estote
726 736 874 811 simplices
896 747 923 790 et
946 736 1072 813 benigni,
1095 735 1123 789 in
1147 735 1220 790 meis
1243 744 1340 789 autem

346 823 506 896 prudentes
529 832 556 876 et
578 822 664 878 cauti.

393 909 426 962 Si
456 920 486 962 tn
516 909 683 964 vestiarium
716 921 743 964 et
771 910 941 975 studiosum,
974 908 1197 965 clavicularium
1225 908 1344 964 cellarii

350 996 393 1050 tui
421 995 543 1070 fidelem
583 996 634 1051 tibi
671 996 806 1071 requiris,
849 1007 955 1070 quanto
993 996 1091 1072 tnagis
1128 996 1211 1051 Dens
1250 995 1366 1050 talem5

350 1083 581 1157 dispensatorem
625 1084 748 1156 requirit
789 1083 963 1159 graciarum
1006 1101 1137 1147 suarum,
1181 1082 1231 1156 qui
1273 1083 1343 1137 bene

350 1171 505 1225 tractando
536 1170 659 1246 gracias
686 1170 746 1226 eius
773 1170 871 1244 sociat
900 1188 948 1226 eas
974 1170 1140 1247 graciores‚
1173 1188 1230 1225 non
1264 1169 1343 1224 ntale

133 1268 197 1319 tuus
212 1257 441 1312 andssuneciam
466 1257 660 1331 dispensando
685 1258 790 1313 reddat
813 1258 958 1334 ingratas
989 1258 1022 1312 Si
1048 1257 1122 1312 enim
1146 1257 1268 1313 canibus
1292 1256 1341 1311 de-

150 1321 312 1417 ffimnwffi'·
304 1373 323 1415 is
352 1344 431 1399 deris
458 1355 589 1400 sanctum
613 1355 661 1399 ant
684 1344 783 1419 porcis
811 1344 995 1421 margaritis,
1024 1362 1076 1400 uec
1098 1356 1232 1400 sanctum
1257 1361 1343 1398 canes

134 1426 340 1470 “³⁵¹2'30ss‘l10m
351 1431 522 1507 sanctificat
555 1449 605 1486 nec
634 1450 712 1486 ritar
702 1432 801 1508 Torite
829 1431 959 1487 rttttriunt
987 1450 1104 1506 porcos,
1137 1433 1189 1487 sed
1222 1441 1343 1486 eontra
1356 1448 1383 1483 10

351 1536 436 1573 canes
464 1518 614 1592 inquinant
640 1530 771 1574 sanetum
801 1531 827 1573 et
854 1519 942 1593 porci
973 1519 1158 1595 margaritas
1185 1518 1345 1574 sordidant

352 1606 398 1660 uel
429 1606 628 1682 confringunt.
664 1606 707 1660 Ita
739 1606 767 1660 si
796 1606 958 1661 hominibus
987 1606 1104 1661 caninos
1133 1606 1180 1661 vel
1201 1604 1345 1681 poreinos

352 1710 448 1747 mores
480 1693 649 1748 habentibus
677 1704 808 1748 sanctum
839 1693 955 1748 dederis
982 1704 1032 1748 aut
1064 1692 1193 1748 misteria
1228 1701 1344 1748 secreta

351 1780 529 1834 credideris:
567 1798 617 1835 nec
654 1791 785 1835 sanctum
824 1779 891 1835 illos
922 1779 1082 1855 sanctificat
1120 1797 1171 1835 nec
1210 1777 1343 1834 misteria

352 1865 483 1922 ueritatis
511 1885 560 1923 eos
588 1867 761 1937 illuminant,
790 1867 843 1922 sed
870 1878 989 1923 econtra
1018 1868 1074 1941 ipsi
1100 1878 1234 1922 sanctum
1263 1865 1383 1921 coin-15

350 1953 468 2027 quinaret
492 1965 518 2009 et
543 1953 673 2008 misterio
698 1954 829 2009 ueritatis
845 1955 1054 2029 blasphemant.
1081 1953 1170 2009 Canis
1190 1963 1218 2009 et
1233 1970 1344 2028 porcus

350 2041 435 2095 ttntbo
459 2041 573 2114 quidem
597 2041 746 2096 imntunda
770 2041 908 2096 diurnalia
931 2051 1007 2110 sunt,
1031 2043 1083 2097 sed
1105 2040 1186 2097 canis
1209 2039 1345 2096 exomni

347 2139 435 2201 parte
468 2128 634 2183 immundus
666 2139 717 2184 est.
753 2129 830 2183 Nam
863 2146 915 2184 nec
953 2129 1081 2184 ruminat
1113 2145 1165 2184 nec
1197 2126 1341 2203 ungulam

351 2215 436 2269 babet
458 2215 584 2290 Ji.ssatrt;
613 2233 724 2289 porens
755 2227 851 2270 autem
884 2233 923 2270 ex
953 2227 1039 2290 parte
1063 2212 1067 2289 1
1092 2215 1261 2270 immundus
1289 2224 1342 2283 est,
1373 2216 1426 2285 396⁸

352 2319 417 2355 tram
436 2302 569 2375 qnoniam
587 2304 728 2379 ttngulam
750 2302 959 2378 ltabetfissam,
983 2304 1108 2358 nuendus
1124 2313 1182 2369 est;
1205 2300 1341 2376 quoniam
1353 2320 1383 2353 20

351 2399 446 2443 autem
481 2406 536 2443 non
570 2390 706 2455 ruminat,
739 2390 906 2445 immundus
938 2391 1069 2448 liabetur,
1104 2389 1234 2463 Propter
1265 2388 1343 2462 qnod

351 2486 419 2539 pitto
451 2493 536 2530 canes
568 2477 773 2553 intelligendos
804 2476 928 2552 gentiles
961 2476 1007 2533 uel
1043 2476 1185 2532 hereticos
1224 2475 1342 2531 omnino

351 2563 523 2617 immundos.
550 2563 625 2618 Nam
650 2575 678 2618 et
700 2564 727 2620 si
744 2574 871 2638 propter
890 2575 972 2619 actus
995 2581 1062 2619 suos
1083 2563 1178 2618 malos
1199 2561 1345 2617 immundi

349 2658 415 2702 sunt
444 2660 471 2703 et
491 2660 618 2724 propter
641 2650 799 2725 perfidiam
827 2669 910 2706 suam
941 2651 987 2723 uel
1013 2650 1183 2706 idolatriam
1213 2648 1343 2724 amplius

349 2746 415 2790 sunt
438 2737 588 2792 immundi.
1353 2741 1382 2791 25

394 2821 505 2877 Porcos
547 2834 642 2878 autem
686 2823 861 2879 christianos
903 2824 1070 2880 carnalibus
1113 2836 1140 2879 et
1184 2823 1342 2878 inunnudis

352 2909 546 2982 uoluptatibus
584 2910 697 2965 deditos
735 2910 784 2984 qui
817 2923 945 2986 propter
974 2911 1067 2988 fidem
1106 2929 1190 2966 suam
1225 2911 1341 2984 quidem

351 2996 452 3050 nntudi
473 3007 549 3062 snut,
570 3007 696 3071 propter
718 3008 801 3052 actus
823 3009 918 3053 antem
942 3017 1011 3055 suos
1034 2998 1172 3054 sordidos
1196 2999 1343 3053 habentur

350 3083 488 3138 inmundi.
515 3085 577 3139 Hec
601 3083 816 3140 Crisostomus.

739 3305 844 3369 CAP.
869 3306 946 3368 XL.
1355 3322 1384 3368 :so

152 3472 283 3527 tumente
273 3473 324 3515 ot
394 3449 590 3522 Prosequitur
624 3464 724 3506 autem
763 3449 818 3506 iste
851 3464 972 3508 sanctus
1011 3452 1177 3507 secundum
1217 3469 1342 3508 sensum

174 3524 292 3620 *¹222de
349 3536 494 3609 eiangetii
512 3536 543 3591 in
560 3538 614 3592 hec
631 3538 736 3592 verba:
761 3538 819 3592 Ant
840 3556 925 3594 canes
941 3539 1054 3613 quidem
1076 3540 1212 3616 gentiles,
1230 3557 1343 3614 porcos

348 3633 443 3678 autem
460 3623 613 3687 hereticos,
632 3635 757 3698 propter
772 3625 884 3700 aliquid
903 3643 1004 3681 eorum
1026 3626 1170 3682 modicum
1188 3627 1342 3699 stutendum,

349 3711 396 3765 nel
411 3710 476 3783 qnia
500 3729 602 3765 nomen
620 3711 741 3767 Domini
759 3712 895 3768 invocare
919 3712 1063 3781 uidentur,
1086 3714 1139 3770 sed
1153 3731 1193 3768 ex
1209 3714 1343 3771 moribus

347 3814 448 3851 eornm
473 3797 614 3874 intelligis
635 3798 684 3871 qui
704 3810 771 3853 sunt
794 3816 880 3855 canes
903 3800 950 3854 uel
972 3800 1022 3874 qni
1042 3811 1108 3856 sunt
1128 3800 1224 3876 porci.
1253 3800 1344 3858 Canis
1354 3804 1382 3856 35

347 3884 484 3940 naturale
518 3894 559 3939 est
589 3884 753 3958 improbum
787 3904 858 3951 esse,
890 3905 1045 3961 numquam
1080 3906 1177 3943 nocem
1211 3888 1342 3944 alteram

347 3971 477 4026 emittere
501 3982 627 4045 propter
653 3972 781 4047 aliquam
810 3991 938 4043 cansam,
969 3975 1042 4029 sicut
1070 3985 1166 4030 cetera
1197 3975 1343 4031 animalia

398 4272 420 4309 ⁴·
438 4260 471 4300 A:
487 4258 657 4307 instudiosnm,·
673 4264 696 4300 et
710 4258 788 4303 deest:
804 4259 834 4301 it>
850 4261 885 4302 A:
902 4261 1031 4304 cellart'um
1094 4260 1122 4305 13.
1137 4265 1171 4306 A:
1186 4275 1229 4306 eos
1242 4270 1344 4310 secrete

348 4310 413 4353 1.A5
421 4308 567 4353 :tttumtnat
623 4322 654 4353 to.
670 4314 704 4353 A:
719 4311 868 4365 blasphemat.
928 4311 953 4355 23
978 4313 1008 4356 B:
1022 4314 1128 4358 sideest.
1192 4315 1230 4358 ³0
1246 4316 1278 4359 B:
1294 4317 1345 4360 Nu·

348 4363 534 4457 nul}
550 4362 624 4465 est
640 4412 673 4468 27
689 4362 1061 4470 omittundum
1076 4364 1111 4418 ³⁴
1126 4366 1159 4411 ¹’
1283 4369 1343 4417 ⁰⁶¹·

497 4427 510 4456 l.
