3082 5138
746 488 836 536 oeus
855 486 1108 535 [xnxofnsccu
1209 468 1295 549 lene.
1310 482 1428 525 mur

443 652 616 724 plerumque
648 649 748 707 noxia.
777 649 812 701 de
838 647 939 720 quibus
971 660 1068 702 tamen
1101 648 1252 702 nonnichil
1285 647 1436 701 dicenim.

445 751 504 792 est:
529 738 582 791 sed
610 738 664 790 hoc
689 735 783 809 ipsum
810 735 1002 808 aperiendum
1031 748 1058 789 et
1085 735 1311 809 explicandum.
1343 746 1375 786 ut
1396 734 1436 786 in·

445 825 523 898 quiri
544 824 614 878 talia
638 841 693 877 non
716 832 859 897 oporteat.
883 821 930 874 lle
945 823 1033 876 rebus
1049 838 1120 876 vero
1140 822 1257 876 utilibus
1280 821 1438 895 aliquando

229 919 329 962 “inin'‘
345 912 486 967 sutinead
500 911 532 965 id
547 910 780 985 respondendum
795 921 838 964 est
853 910 931 983 quod
945 909 1186 985 interrogamur:
1207 910 1285 963 sicut
1296 907 1438 963 ltrnninus

256 972 409 1077 quc-bibino.
437 999 525 1073 jecit,
553 1016 618 1053 cum
641 1015 706 1052 eum
732 997 880 1052 ¹§.caducei
901 996 938 1050 de
959 996 1084 1051 muliere
1105 997 1357 1072 interrogassent.
1387 997 1460 1069 que}

445 1097 553 1160 septem
579 1086 658 1139 viros
680 1085 790 1145 habuit.
813 1083 896 1139 cuius
917 1100 1020 1139 corum
1042 1084 1072 1137 in
1096 1083 1322 1139 resurreccione
1329 1083 1439 1155 sutura

443 1184 529 1230 esset.
567 1172 727 1247 Respondit
759 1172 801 1226 eis
832 1171 910 1245 quod
946 1171 975 1224 in
1010 1170 1231 1226 resurreccione
1260 1170 1309 1225 illi
1352 1186 1440 1244 neque

445 1261 549 1316 nubent
586 1277 675 1333 neque
711 1276 822 1313 uxores
853 1259 957 1312 ducent
984 1259 1038 1312 sed
1064 1269 1150 1313 erunt
1179 1259 1254 1313 sicut
1282 1257 1387 1334 angeli
1412 1258 1439 1311 in

445 1348 525 1415 celis,
545 1347 594 1401 ubi
612 1347 667 1400 lux
686 1358 712 1401 et
726 1363 792 1421 pax
806 1357 833 1400 et
847 1345 1003 1421 gandium,
1019 1345 1167 1407 eternitas,
1181 1345 1340 1405 securitas,
1356 1345 1439 1399 beata

437 1435 579 1509 felicitas.
617 1433 781 1508 Aliquando
813 1444 908 1486 autem
941 1432 992 1487 ille
1018 1432 1069 1506 qui
1098 1432 1279 1509 interrogat,
1311 1432 1438 1487 interro·
1451 1450 1478 1483 ιο

444 1522 562 1599 gandus
585 1533 627 1576 est
649 1521 740 1581 aliud,
763 1521 841 1594 quod
863 1531 959 1573 tamen
982 1519 1009 1573 si
1030 1519 1152 1587 dixerit,
1181 1519 1245 1594 ipse
1267 1519 1326 1574 sibi
1348 1520 1390 1573 ad
1410 1520 1441 1572 id

445 1611 523 1684 quod
544 1608 752 1683 interrogavit.
780 1607 965 1681 respondeat.
999 1607 1033 1660 Si
1052 1617 1150 1661 autem
1175 1607 1276 1662 dicere
1302 1606 1440 1673 noluerit,

446 1714 502 1751 non
526 1696 643 1750 videtur
665 1695 705 1750 eis
727 1694 776 1768 qui
797 1694 903 1748 adsunt
927 1693 1075 1763 iniustum,
1104 1695 1132 1749 si
1152 1705 1180 1748 et
1207 1695 1272 1768 ipse
1293 1694 1376 1768 quod
1396 1694 1438 1747 in·

446 1782 612 1859 terrogavit
640 1800 695 1837 non
723 1781 833 1835 audiat.
873 1781 950 1835 Nam
978 1792 1006 1835 et
1034 1780 1080 1834 illi
1092 1780 1144 1855 qui
1163 1782 1440 1858 interrogaverunt,

446 1880 618 1945 temptantes
645 1880 742 1922 utrum
772 1868 952 1924 reddendum
981 1881 1055 1923 esset
1078 1868 1230 1930 tributum,
1258 1868 1443 1945 interrogati
1454 1872 1478 1920 13-

446 1969 512 2012 sunt
539 1956 630 2021 aliud,
658 1956 689 2010 id
711 1968 763 2023 est,
792 1956 873 2011 cuins
895 1956 1016 2010 liaberet
1039 1974 1174 2011 nummus
1196 1956 1371 2033 imaginem,
1394 1956 1443 2029 qui

447 2045 483 2099 ab
510 2044 580 2119 ipsis
600 2045 736 2118 prolatus
763 2054 822 2098 est:
847 2055 874 2097 et
897 2043 964 2116 quia
989 2042 1130 2097 dixerunt
1153 2043 1231 2116 qnod
1259 2043 1444 2118 interrogati

447 2142 542 2198 erant,
574 2131 605 2183 id
630 2141 683 2197 est,
718 2130 836 2185 Cesaris
863 2129 1020 2206 imaginem
1050 2129 1159 2185 habere
1190 2149 1354 2191 nummum,
1386 2129 1444 2204 ipsi

448 2235 560 2293 quoqne
596 2217 651 2272 sibi
688 2218 744 2291 ipsi
783 2217 999 2291 quodammodo
1038 2217 1254 2291 responderunt
1293 2218 1328 2271 id
1364 2218 1443 2291 quod

449 2306 606 2360 Dominum
630 2305 903 2381 interrogaverant,
932 2304 1028 2377 itaque
1055 2303 1105 2359 ille
1128 2321 1168 2359 ex
1190 2323 1294 2359 eorum
1321 2322 1481 2379 respon-so

447 2393 528 2448 sione
560 2392 599 2446 ita
634 2392 774 2447 conclusit
807 2392 920 2447 dicens:
959 2391 1084 2446 Reddite
1115 2410 1190 2467 ergo
1226 2392 1335 2447 Cesari
1364 2392 1443 2465 quod

448 2480 508 2535 eins
541 2492 584 2534 est
615 2489 642 2535 et
675 2478 739 2533 lleo
770 2478 849 2552 qnod
878 2479 940 2533 eius
972 2488 1025 2533 est.
1062 2477 1136 2532 Cum
1169 2490 1268 2534 autem
1298 2478 1442 2553 princeps

447 2567 632 2622 sacerdotum
648 2575 675 2621 et
690 2566 819 2621 seniores
839 2566 943 2640 populi
964 2565 1209 2642 interrogassent,
1231 2567 1336 2640 inqua
1357 2577 1439 2641 pote·

447 2664 522 2708 state
536 2653 588 2707 illa
596 2654 726 2726 jaceret,
749 2652 947 2729 interrogavit
970 2670 1019 2707 eos
1035 2654 1072 2707 de
1091 2653 1265 2727 baptismate
1277 2650 1443 2717 ,lobannix

447 2752 561 2797 etcum
585 2740 693 2796 nollent
717 2739 824 2809 dicere,
855 2740 934 2814 qnod
956 2750 1061 2795 contra
1088 2758 1120 2795 se
1143 2740 1202 2796 dici
1223 2740 1374 2801 videbant,
1407 2740 1479 2795 deii

446 2828 578 2883 Iohanne
600 2839 694 2882 antem
719 2827 791 2881 nihil
814 2827 885 2881 mali
900 2827 999 2882 dicere
1013 2827 1155 2882 auderent
1169 2839 1299 2902 propter
1314 2828 1439 2882 circum·

447 2925 570 2970 stantes:
605 2914 667 2971 Nec
695 2932 760 2991 ego,
789 2915 868 2969 vobis
892 2914 998 2981 dicam,
1026 2914 1126 2988 inquit,
1155 2914 1183 2968 in
1210 2933 1267 2989 qua
1294 2925 1442 2989 potestate

449 3003 501 3057 hec
509 3002 605 3076 jacio,
628 3002 706 3075 quod
722 3001 911 3057 iustissimum
928 3002 1067 3076 apparuit
1083 3001 1350 3056 circumstantibus.
1377 3002 1441 3057 Hoc

448 3089 523 3144 enirn
539 3108 570 3145 se
589 3089 700 3145 nescire
716 3090 865 3157 dixerunt,
888 3089 966 3163 quod
988 3107 1044 3143 non
1069 3088 1241 3155 nesciebant,
1265 3090 1320 3145 sed
1343 3088 1442 3145 dicere

449 3177 592 3232 nolebant.
626 3176 665 3231 Et
696 3195 802 3232 revera
834 3176 940 3232 iustum
974 3186 1048 3242 erat,
1081 3186 1111 3230 ut
1139 3175 1189 3249 qui
1218 3175 1274 3231 sibi
1307 3177 1481 3231 volebant30

450 3264 623 3339 responderi
643 3265 720 3338 quod
742 3264 1010 3341 interrogaverant,
1032 3263 1119 3337 prins
1142 3263 1198 3338 ipsi
1206 3263 1348 3335 jacerent
1364 3263 1442 3339 quod

448 3369 523 3428 erga
555 3370 586 3407 se
610 3351 685 3427 fieri
713 3353 910 3426 postulabant.
948 3351 1035 3417 Quod
1065 3350 1093 3405 si
1110 3350 1263 3424 jecissent,
1298 3351 1358 3425 ipsi
1388 3350 1442 3406 sibi

449 3438 545 3513 utique
576 3438 802 3514 respondissent.
837 3439 896 3513 Ipsi
927 3438 1002 3493 enim
1036 3438 1176 3493 miserant
1207 3437 1248 3491 ad
1276 3438 1442 3494 lohannern

449 3537 601 3599 querentes
616 3527 680 3599 quis
695 3537 778 3597 esset,
803 3527 849 3581 vel
860 3526 964 3600 pocius
983 3525 1041 3599 ipsi
1063 3525 1144 3580 missi
1165 3535 1248 3579 erant
1271 3526 1443 3581 sacerdotes

450 3623 477 3668 et
506 3612 615 3684 Levite,
645 3624 780 3688 putantes
810 3614 889 3688 quod
924 3613 985 3687 ipse
1016 3623 1090 3668 esset
1117 3612 1261 3678 Christus,
1298 3631 1366 3666 cum
1395 3612 1481 3667 ille3i

450 3699 567 3776 negavit
589 3718 621 3756 se
642 3719 704 3757 esse
726 3711 752 3755 et
777 3701 903 3755 Domino
927 3700 1120 3755 testiinonium
1142 3698 1302 3774 perhibuit,
1329 3700 1443 3774 dequo

450 3788 612 3843 testimonio
644 3788 670 3843 si
700 3787 832 3864 confiteri
863 3787 977 3851 vellent,
1010 3787 1067 3862 ipsi
1096 3806 1128 3842 se
1160 3787 1298 3843 docerent
1328 3787 1358 3841 in
1388 3805 1443 3861 qua

447 3886 591 3949 potestate
628 3875 678 3929 illa
702 3876 823 3949 jaceret
859 3874 1011 3930 Christus:
1053 3875 1132 3949 qnod
1163 3873 1248 3949 quasi
1286 3874 1445 3930 nescientes

450 3963 719 4038 interrogaverant,
743 3974 773 4017 ut
796 3961 1016 4036 calumpniandi
1037 3962 1148 4016 aditum
1173 3961 1350 4036 reperirent.

502 4212 521 4243 2.
541 4199 621 4244 Recte:
644 4211 685 4242 cur
708 4199 804 4255 inquiri.
885 4213 908 4250 4.
931 4201 966 4242 A:
988 4203 1135 4255 interrogam
1224 4209 1245 4245 7.
1259 4199 1295 4240 A:
1315 4198 1355 4241 itti·
1374 4198 1444 4242 deest.

451 4253 640 4303 tamaudeat
696 4263 727 4306 ¹9·
744 4252 839 4307 Azipsi
850 4251 954 4294 omitted.
1016 4264 1050 4294 20.
1067 4252 1158 4294 A:illi.
1217 4249 1252 4294 3¹5.
1270 4250 1300 4293 B:
1317 4256 1341 4293 et
1355 4251 1445 4293 dicere.

505 4360 784 4421 sumnxxustt.
806 4361 926 4410 Mar.xl1
960 4376 996 4426 19.
1020 4358 1218 4413 1.uc.xx.28,
1291 4376 1329 4422 ¹4·
1351 4358 1441 4409 Mutth.

451 4432 573 4493 XXll,1t'›.
606 4430 746 4481 21.ib.21.'
776 4430 907 4484 23.Matth
928 4432 1045 4491 xxuill.
1084 4431 1219 4495 27.ib.27.
1253 4429 1441 4496 33.Joh.1,19.
