3082 5138
240 486 300 557 314
751 499 840 548 orus
859 498 1111 548 evauorrrcuu
1298 479 1382 564 [cae.
1399 491 1450 537 xx.

263 671 299 712 au
333 680 420 710 enauce
499 658 626 714 Videtur
668 658 758 714 istum
801 672 939 715 sanctum
983 659 1161 732 exponendo
1205 659 1286 714 hunc
1331 670 1449 713 textum

238 721 447 826 {llssisslmtbfhglss'gffi
458 745 558 801 dicere
592 749 673 820 quod
709 749 800 801 homo
829 745 992 802 ieiunando
1022 759 1050 801 et
1077 744 1217 801 faciendo
1241 746 1450 818 quodcunque

276 826 401 933 ⁰fp¹r¹g¹i¹2¹c³¹¹
458 852 534 907 opus
556 832 724 905 penitencie
745 834 834 889 debet
854 832 1017 906 ypocrisim
1041 850 1202 906 precavere
1224 845 1252 887 et
1268 850 1331 888 non
1347 832 1450 888 facere

351 911 355 917 ¹
378 909 382 917 ’
457 919 557 995 ipsum
575 934 713 994 patenter
729 919 904 976 hominibus
925 923 962 976 ad
985 919 1075 976 finem
1092 920 1174 994 quod
1199 920 1320 975 laudem
1338 931 1450 992 querat

458 1008 621 1064 humanam
640 1010 690 1063 sed
712 1006 884 1064 intencione
905 1021 988 1063 recta
1010 1026 1112 1063 coram
1130 1010 1194 1062 Deo
1212 1020 1244 1062 ut
1268 1005 1300 1061 in
1316 1003 1477 1062 beatitu-5

458 1095 528 1151 dine
550 1093 729 1169 premietur;
754 1113 809 1151 nec
830 1095 928 1150 solum
952 1093 983 1149 in
1005 1093 1092 1151 bonis
1113 1092 1343 1168 splendentibus
1369 1092 1451 1148 iacet

457 1181 602 1255 ypocrisis
640 1184 692 1238 sed
731 1181 762 1237 in
800 1181 886 1238 malis
918 1181 1058 1237 sordibus
1097 1180 1128 1237 in
1166 1180 1275 1255 quibus
1311 1178 1451 1255 ypocrite

457 1268 601 1325 simulant
635 1268 827 1326 sanctitatem
857 1271 908 1325 sed
936 1270 1101 1325 secundum
1132 1267 1301 1325 doctrinam
1333 1265 1449 1324 Christi

458 1359 575 1429 agendo
599 1356 799 1430 penitenciam
825 1358 919 1412 homo
943 1357 1129 1413 confortatus
1153 1355 1183 1412 in
1201 1354 1333 1411 Domino
1357 1355 1449 1411 debet

458 1462 546 1517 agere
570 1443 665 1517 ipsam
691 1443 827 1500 hilariter
851 1458 879 1500 et
895 1456 990 1500 totam
1013 1443 1120 1499 faciem
1143 1442 1295 1499 interioris
1312 1440 1449 1499 hominis
1465 1456 1496 1490 10

460 1532 605 1587 mundare
640 1529 793 1604 sapiencia
822 1530 952 1601 deitatis,
985 1544 1017 1586 ut
1045 1549 1099 1587 nec
1128 1531 1234 1587 oculus
1263 1548 1318 1586 nec
1343 1529 1450 1604 aliqua

458 1636 529 1692 pars
553 1617 616 1674 eius
642 1619 810 1675 maculetur
834 1617 973 1674 sordibus
997 1616 1171 1691 ypocritieis
1188 1619 1234 1674 vel
1251 1616 1354 1692 aliqua
1371 1615 1450 1673 obli-

459 1704 608 1778 quacione
632 1725 649 1762 a
673 1705 774 1762 divino
798 1719 880 1763 recto
904 1705 1024 1761 intuitu.

250 1797 300 1840 'rue
315 1798 396 1857 orders
412 1798 441 1853 by
505 1795 545 1847 Ex
569 1791 679 1866 quibus
708 1793 826 1849 videtur
849 1794 930 1867 quod
959 1810 1064 1848 omnes
1093 1789 1224 1865 religiosi
1254 1789 1393 1847 moderni
1417 1808 1450 1846 se

243 1852 450 1945 coriiriiiriiiiyare
461 1879 541 1953 ipsos
565 1879 747 1937 necessitant
770 1894 803 1936 ut
826 1879 956 1954 ypocrisi
985 1880 1185 1935 maculentur.
1213 1880 1260 1934 hd
1284 1879 1342 1935 hoc
1366 1877 1495 1934 enim15

264 1954 424 2061 ⁸fss¹lssff¹crlssly¹¹¹
461 1980 547 2023 sonat
576 1985 630 2024 sua
663 1967 809 2040 professio
839 1981 871 2023 ut
899 1967 941 2023 sic
970 1966 1111 2040 ieiunent‚
1141 1980 1174 2022 ut
1198 1965 1241 2022 sic
1265 1984 1296 2021 se
1320 1964 1451 2022 induant

298 2056 303 2062 '
461 2067 490 2110 et
515 2067 545 2110 ut
569 2054 612 2110 sic
628 2054 742 2111 faciant
758 2053 902 2129 quicquid
927 2054 1100 2110 differenter
1123 2055 1161 2110 ab
1185 2053 1251 2110 aliis
1274 2055 1450 2109 observant.

462 2141 541 2210 Quid
566 2160 638 2214 rogo
663 2144 785 2215 prodest
807 2142 903 2198 cultus
925 2142 970 2197 sui
988 2141 1162 2197 differencia
1184 2143 1221 2197 ad
1239 2159 1330 2214 quern
1348 2140 1451 2197 taliter

461 2242 529 2283 sunt
546 2229 687 2302 professi:
706 2230 743 2285 ad
761 2230 815 2285 hec
832 2229 889 2285 tria
906 2247 959 2302 per
975 2227 1143 2285 antifrasim
1161 2227 1450 2301 videturproficere,

461 2315 561 2388 primo
578 2317 659 2390 quod
677 2317 787 2373 famam
808 2315 911 2372 mundi
934 2316 1048 2390 profert
1064 2334 1155 2390 supra
1174 2315 1302 2389 gloriam
1321 2314 1451 2371 insensi·
1463 2331 1497 2364 20

461 2401 550 2458 bilem
588 2402 641 2459 Dei
675 2403 746 2459 veri.
781 2406 826 2459 nd
859 2402 951 2459 nichil
987 2403 1066 2459 enim
1100 2403 1178 2459 valet
1211 2401 1345 2460 ostensio
1379 2401 1451 2458 talis

461 2489 591 2563 religiosi
616 2489 644 2545 in
669 2489 761 2563 signis
785 2490 976 2546 sensibilibus
1001 2490 1057 2546 nisi
1083 2490 1112 2546 in
1136 2490 1321 2565 apparencia
1337 2489 1451 2546 sancti-

460 2576 530 2632 tatis
554 2576 668 2634 fallacis
693 2577 807 2633 induxit
832 2578 943 2634 famam
970 2577 1083 2635 mundi.

503 2666 644 2720 Secundo
668 2664 738 2720 facit
760 2667 1019 2739 preponderanter
1042 2664 1152 2738 eligere
1176 2665 1352 2722 societatem
1377 2682 1451 2738 sepe

462 2754 632 2807 merdosam
650 2771 742 2825 supra
759 2752 933 2808 societatem
952 2751 1061 2808 civium
1084 2755 1234 2809 bonorum
1260 2766 1288 2808 et
1309 2751 1449 2807 habitum
1463 2752 1496 2802 25

460 2838 631 2895 sensibilem
654 2857 745 2912 supra
768 2840 903 2895 habitum
927 2839 1069 2912 caritatis,
1092 2859 1159 2896 cum
1179 2839 1357 2914 regulariter
1382 2858 1451 2912 pre-

461 2927 628 2998 ponderant
649 2926 783 2982 habitum
807 2928 993 2999 corporalem
1017 2947 1108 3000 supra
1126 2927 1322 2984 dileccionem
1342 2927 1450 2982 frater-

460 3031 540 3068 nam.
567 3016 625 3069 Sed
642 3013 709 3087 quis
726 3014 843 3069 dubitat
868 3014 941 3087 quin
965 3014 1014 3069 ille
1039 3014 1088 3087 qui
1114 3014 1265 3071 ordinavit
1289 3013 1450 3071 caritatem

461 3100 491 3155 in
509 3099 570 3155 suis
588 3100 689 3156 electis
705 3102 794 3156 talem
813 3103 995 3157 mundanam
1012 3101 1174 3158 stulticiam
1194 3100 1452 3174 condempnabit?

503 3187 613 3244 Tercio
633 3187 751 3243 ridetur
772 3202 884 3245 sectam
906 3202 935 3245 et
953 3188 1128 3262 religionem
1148 3189 1258 3244 Christi
1278 3188 1452 3263 relinquere
1465 3192 1499 3241 30

461 3289 489 3330 et
506 3295 591 3331 suam
614 3275 723 3347 eligere
747 3289 779 3331 ut
802 3277 869 3350 plus
893 3279 1017 3345 bonam,
1042 3289 1069 3332 et
1094 3277 1135 3332 sic
1160 3277 1256 3332 innuit
1273 3277 1453 3350 blaspheme

461 3363 613 3419 Christum
640 3381 764 3435 peccare
789 3363 817 3419 in
842 3366 990 3420 tradendo
1014 3383 1101 3418 suum
1126 3364 1274 3434 ordinem,
1300 3383 1369 3420 curn
1393 3363 1453 3438 ipsi

462 3468 494 3505 ex
527 3449 696 3507 tradicione
728 3453 861 3507 humana
890 3452 1022 3507 habeant
1053 3451 1218 3506 meliorem.
1256 3454 1313 3507 Sed
1343 3451 1454 3524 procul

462 3557 479 3592 a
497 3536 635 3593 fidelibus
647 3538 715 3593 talis
732 3538 843 3594 heresis
860 3558 927 3594 cum
946 3538 1007 3594 suis
1024 3537 1188 3611 implicatis
1201 3551 1263 3594 tam
1275 3539 1454 3612 patentibus

461 3643 552 3697 quam
578 3624 714 3681 occultis,
1467 3628 1498 3677 3:

846 3770 951 3833 CAP.
975 3770 1063 3833 XX.

265 3935 429 3992 Chrysonom.
506 3914 710 3971 Crisostomus
748 3927 849 3970 autem
883 3933 972 3989 super
1005 3914 1064 3970 isto
1099 3927 1179 3970 textu
1218 3914 1260 3970 sic
1299 3914 1454 3988 loquitur:

467 4000 601 4056 Omnium
636 4001 782 4058 naulorum
818 4002 917 4076 prima
949 4013 976 4058 et
1004 4003 1145 4076 fortiora
1183 4013 1249 4058 sunt
1297 4004 1349 4058 hec
1393 4004 1454 4058 tria

516 4251 530 4279 ι.
547 4240 566 4280 Α
582 4239 604 4280 in
620 4251 707 4291 marg:
722 4237 848 4281 lohannes.
905 4251 936 4288 ιι,
951 4240 972 4280 Α
987 4240 1009 4281 in
1026 4251 1112 4291 marg:
1129 4252 1146 4282 r.
1201 4251 1234 4280 eo.
1251 4242 1271 4281 Α
1283 4240 1305 4281 in
1324 4251 1412 4295 marg:
1429 4253 1454 4283 a.

463 4291 711 4342 aehiumargsh.
780 4293 955 4345 27.A:super.
1024 4290 1270 4347 ‚loninmargza
1339 4291 1453 4347 37.Ain

464 4354 549 4387 mara:
565 4342 736 4388 Crr'soslomur:
751 4343 767 4383 lt
782 4344 804 4384 iu
821 4355 907 4397 marg:
924 4355 960 4386 ²0.

516 4434 556 4497 37.
576 4433 627 4498 Op.
647 4434 721 4498 lmp.,
739 4434 757 4482 l.
776 4449 797 4482 c.
817 4449 842 4498 p.
860 4432 920 4486 813.
