3082 5138
193 482 261 528 cm.
276 470 341 554 xc]
551 486 709 535 secunus
731 486 826 535 enus.

193 649 244 703 sed
269 647 404 702 ieiunium
427 659 553 721 propter
577 648 741 703 oracionem
749 667 760 714 ,·
792 647 855 701 ideo
879 646 1012 701 ieiunium
1037 665 1093 701 non
1116 658 1182 702 ante

194 736 358 789 oracionem
380 734 513 809 precedit
535 734 587 788 sed
611 734 709 790 oracio
733 745 798 788 ante
821 734 965 788 ieiunium.

243 822 343 876 Tereia
368 821 479 876 divisio.
506 821 585 891 Item,
609 821 794 878 elemosinam
813 821 921 895 facere
944 832 993 876 ant
1014 822 1178 876 oracionem
1239 834 1351 890 Ainis-do

194 921 243 963 aut
282 909 413 963 ieiunare
450 927 505 962 non
543 919 586 963 est
618 908 743 964 onmium
784 909 941 980 hominnm,
978 909 1030 964 sed
1068 884 1391 980 lantummliit¹1¹iir¹iistieh⁰

172 997 347 1064 iiustorunn
377 996 426 1070 qui
447 1006 541 1051 antem
563 1008 664 1070 peccat
693 1008 720 1051 et
743 995 941 1073 elenmsynam
960 995 1049 1069 facit,
1078 996 1179 1070 perdit
1211 990 1334 1084 ⁰⁰¹¹¹¹s¹¹ig⁰⁵
1349 1000 1372 1032 ¹0

194 1085 271 1158 quod
294 1083 390 1157 sacit;
418 1100 477 1157 pro
504 1094 615 1138 cessam
644 1084 717 1138 enim
747 1096 867 1157 peccato
898 1083 1061 1158 peccatoris
1090 1083 1179 1138 datur
1311 1077 1315 1094 ’

194 1172 374 1248 elemosyna,
407 1188 462 1224 non
489 1188 546 1244 pro
575 1181 753 1240 occurrente,
789 1170 819 1224 id
846 1181 897 1236 est,
932 1172 1045 1244 quando
1070 1171 1178 1245 penite!

194 1277 245 1313 nos
262 1259 338 1331 qnod
347 1257 487 1331 jecimus,
511 1275 566 1311 non
588 1270 617 1313 ut
638 1276 694 1332 per
705 1257 858 1333 pecuniam
872 1258 1016 1333 peccandi
1031 1258 1178 1314 licenciam

194 1362 405 1419 comparemus.

156 1450 184 1481 ιο
239 1433 318 1502 ltem,
342 1431 391 1487 ille
414 1440 480 1485 orat
503 1430 553 1504 qui
574 1431 630 1485 iam
655 1448 709 1485 non
732 1443 843 1505 peccat,
873 1432 922 1506 qui
943 1443 1037 1487 antem
1064 1443 1130 1487 orat
1154 1444 1180 1487 et
1218 1451 1244 1480 so
1259 1446 1299 1481 100
1313 1440 1369 1482 with

191 1530 303 1594 peccat,
328 1537 383 1573 non
408 1528 497 1594 rogat
521 1518 616 1573 Deum
640 1520 692 1573 sed
716 1519 827 1574 deludit
852 1521 956 1575 lteurn.
1258 1504 1340 1548 prayer

239 1607 319 1676 Item,
348 1605 397 1660 ille
420 1605 526 1660 ieiunat
550 1607 598 1680 qui
620 1624 675 1660 nem
696 1617 809 1680 peccat,
839 1607 888 1681 qui
909 1618 1004 1662 autem
1027 1618 1131 1682 peccat
1154 1618 1181 1661 et

195 1694 300 1749 ieiunat
324 1711 380 1748 non
404 1693 443 1746 ad
465 1692 594 1768 gloriam
619 1691 678 1749 Dei
699 1693 806 1748 ieiunat
829 1695 896 1769 quia
921 1713 970 1750 nec
994 1713 1024 1750 se
1048 1694 1181 1749 lntmiliat

195 1782 246 1835 sed
269 1780 431 1835 substancie
453 1797 504 1834 sne
524 1780 630 1853 parcit.

156 1867 183 1916 15
237 1865 370 1942 Denique
408 1867 560 1922 considera
594 1868 621 1922 in
658 1867 867 1943 superioribus,
907 1886 945 1924 ex
983 1887 1037 1943 qno
1073 1869 1182 1943 ceperit
1218 1876 1263 1916 and
1280 1875 1372 1929 sustinn-

199 1954 333 2009 Christus
367 1954 508 2029 apostolis
540 1954 599 2010 suis
635 1954 778 2009 salutaria
812 1955 909 2011 dicere
944 1967 1093 2030 precepta,
1127 1974 1181 2010 non

194 2043 290 2096 statim
319 2041 347 2095 in
372 2041 479 2116 primis
508 2042 657 2096 mandavit
687 2042 722 2096 de
750 2042 903 2097 elemosina
928 2054 977 2097 ant
1001 2043 1105 2097 ieiunio
1132 2053 1183 2097 aut

196 2129 340 2199 oracione,
365 2129 417 2183 sed
436 2128 522 2203 prins
546 2129 668 2203 expellit
691 2128 769 2183 mala
789 2139 892 2204 postea
917 2129 1075 2184 introducit
1098 2130 1180 2184 boica.

239 2216 386 2289 Scriptum
398 2225 440 2270 est
452 2215 515 2271 Non
531 2215 659 2271 occides:
675 2233 731 2292 ego
742 2226 837 2271 autem
855 2215 935 2271 dico:
951 2216 1017 2271 Non
1029 2216 1177 2271 irascaris.
1218 2223 1297 2281 eluta
1314 2223 1378 2282 trees,

153 2318 184 2349 20
195 2303 343 2377 Scriptum
368 2314 409 2358 est
427 2302 492 2357 Non
516 2303 710 2359 adulterabis:
735 2322 790 2380 ego
806 2313 902 2359 autem
920 2304 1000 2358 dico:
1024 2303 1089 2358 Non
1113 2322 1180 2358 con·
1201 2277 1387 2369 mei¹0igffi⁰11fi⁸¹¹

195 2390 332 2465 cupiscas.
363 2389 512 2464 Scriptum
538 2401 580 2445 est
604 2390 668 2444 Non
689 2390 874 2464 periurabis:
902 2409 957 2468 ego
981 2402 1076 2466 tttttem
1102 2381 1359 2483 dico:¹⁹³‘¹¹j‡ss}'v¹f¹¹¹
1376 2387 1399 2421 ¹⁰

196 2478 260 2531 Non
277 2477 396 2534 iurabis.
422 2476 570 2551 Scriptum
595 2488 636 2532 est
657 2478 779 2533 Oculum
801 2495 859 2552 pro
883 2478 982 2543 oculo‚·
1005 2496 1060 2553 ego
1084 2490 1179 2532 autem
1306 2480 1311 2487 '

196 2564 275 2618 dico.-
299 2565 364 2619 Non
394 2564 531 2619 resistere
554 2564 640 2619 ntalo.
675 2564 823 2640 Scriptum
853 2576 894 2619 est
926 2565 1032 2620 eciam:
1065 2552 1181 2640 Diliges

195 2651 319 2706 amicum
344 2662 370 2707 et
387 2651 467 2706 odies
491 2650 653 2706 inimicum:
676 2670 731 2728 ego
754 2663 850 2707 autem
875 2653 956 2706 dico:
980 2651 1105 2728 Diligite
1128 2652 1180 2706 ini-

154 2738 284 2793 25micos
316 2749 436 2794 nestros.
483 2739 638 2812 Postquam
669 2756 742 2814 ergo
776 2738 811 2792 ab
845 2739 900 2794 ltiis
934 2739 1064 2794 aientibus
1097 2739 1182 2794 malis

195 2825 337 2880 ltominem
371 2825 518 2900 spoliauit,
554 2836 621 2881 tunc
656 2825 740 2880 dicit:
784 2825 881 2880 Videte
915 2844 949 2880 ne
981 2826 1179 2903 elemosynam

196 2922 322 2967 nestram
344 2929 444 2967 coram
467 2912 629 2968 hominibus
638 2911 762 2986 faciatis
783 2922 846 2984 etc,
870 2912 1023 2968 ostendens
1046 2913 1179 2987 qnoniam

195 2999 250 3054 nisi
281 3000 366 3054 tuma
398 2999 433 3054 ab
464 2999 518 3054 hiis
546 2999 676 3055 ‹tirtnilrns
704 2998 789 3054 malis
816 3000 969 3055 recesserit
997 3000 1092 3074 prins,
1120 3001 1182 3056 sine

194 3104 281 3140 cansa
297 3086 378 3161 sacit
402 3087 454 3142 ltec
477 3087 561 3155 botta,
582 3086 668 3161 prius
691 3104 765 3163 ergo
789 3097 904 3161 oportet
933 3087 1011 3142 tnala
1036 3087 1183 3143 dimittere

153 3183 221 3234 suet
243 3174 284 3228 sic
308 3175 380 3228 bona
408 3174 566 3249 suscipere,
595 3173 660 3248 quia
689 3192 744 3228 non
769 3184 866 3248 potest
894 3175 980 3229 honio
995 3174 1070 3250 fieri
1091 3193 1181 3231 tronus

106 3270 166 3337 387⁶
194 3260 249 3315 nisi
273 3261 391 3316 desierit
414 3278 475 3316 esse
495 3254 499 3341 l
523 3272 617 3328 vetus;
640 3261 689 3336 qui
710 3271 806 3315 autem
832 3261 909 3316 ntala
934 3279 989 3316 non
1014 3261 1132 3316 dimittit
1155 3273 1182 3317 et

194 3349 267 3402 bona
295 3347 414 3423 suscipit
438 3348 579 3404 latiorum
608 3367 727 3403 suornm
751 3349 886 3425 graciam
908 3348 1018 3423 perdit,
1042 3350 1180 3423 quemad-

194 3435 311 3488 modum
329 3435 356 3489 si
371 3435 433 3509 quis
449 3435 476 3490 in
493 3454 525 3490 os
541 3453 623 3491 suum
641 3435 752 3509 aliquid
773 3436 857 3490 dulce
878 3435 972 3490 mittat
989 3454 1052 3491 cum
1077 3453 1181 3490 amaro

194 3522 328 3590 mictmn,
353 3523 475 3577 dulcedo
499 3522 550 3577 illa
574 3541 628 3576 non
653 3523 704 3576 dat
726 3540 809 3577 suum
834 3540 978 3598 saporem.

151 3621 181 3672 35
237 3609 335 3664 Nolite
353 3610 427 3685 fieri
453 3609 527 3664 sicut
550 3609 692 3687 ypocrita
720 3609 828 3680 tristes
860 3610 921 3665 sive
953 3611 989 3665 de
1020 3610 1182 3666 elemosinis

193 3697 290 3751 dicens
312 3697 353 3752 sic
370 3696 454 3751 dicit:
475 3697 519 3751 Ne
538 3714 638 3752 coram
657 3696 893 3773 learninilrnsfiat,
909 3697 970 3753 sive
991 3698 1026 3753 de
1046 3697 1183 3753 oracione

193 3784 249 3838 sic:
287 3783 385 3838 Nolite
417 3801 478 3839 esse
509 3783 582 3839 sicut
614 3783 757 3861 ypocrite
794 3784 822 3839 in
860 3784 978 3861 angulis
1012 3785 1180 3860 platearum

193 3880 319 3940 orantes,
348 3871 409 3925 siue
438 3871 473 3926 de
497 3870 600 3926 ieiunio
629 3871 683 3927 hoc
707 3871 782 3927 idem
812 3871 872 3946 ipse
896 3871 972 3927 dicit.
1008 3871 1092 3927 Vides
1115 3872 1181 3946 quia

244 4130 264 4174 3.
279 4133 311 4174 A:
332 4132 413 4175 'lercta
428 4133 505 4182 deest:
520 4134 542 4176 A
557 4133 579 4176 in
596 4145 683 4188 marga
699 4136 722 4176 5.
796 4132 818 4177 6.
834 4136 868 4178 A:
883 4134 1004 4177 cessando.
1073 4147 1104 4176 ιο,
1120 4136 1141 4177 Α
1157 4136 1180 4177 in

192 4196 278 4236 masse:
297 4185 319 4226 θ’.
384 4197 412 4227 12.
428 4188 450 4229 A
464 4187 486 4228 in
504 4198 590 4240 niurg.:
608 4198 629 4240 7.
692 4186 721 4228 15.
738 4187 767 4229 B:
783 4187 856 4241 cepit,·
875 4187 905 4230 ib.
921 4189 956 4230 A:
971 4187 1105 4233 salutaria:
1125 4186 1179 4229 Bia

192 4248 278 4296 merga
295 4237 402 4280 correxit.
458 4249 490 4280 22.
505 4240 539 4281 A:
555 4251 600 4280 non
615 4240 766 4292 -scriptum
781 4244 816 4282 est
829 4240 900 4282 deest.
955 4238 984 4282 31.
1000 4241 1034 4282 A:
1049 4239 1091 4295 qui
1103 4247 1180 4282 autem

191 4296 265 4330 twice.
319 4288 352 4332 33.
368 4293 400 4332 A:
417 4290 492 4349 mittit.
547 4289 581 4344 37.
596 4291 631 4333 A:
647 4292 707 4334 sicut
721 4293 792 4334 deest.

249 4429 285 4479 tn.
306 4414 395 4463 Manli.
415 4416 446 4477 V,
468 4431 495 4463 21
519 4431 593 4480 seqq.
667 4414 707 4465 αὑ.
728 4416 816 4465 stanh.
837 4417 879 4478 vt,
903 4432 922 4465 t.
