3082 5138
226 483 293 525 can.
311 469 406 552 xxm]
572 486 729 535 scconns
752 486 845 534 nnus

227 666 398 702 mammone.
438 647 610 702 stammana
643 648 722 721 apud
754 647 888 703 Hebreos
923 647 1026 702 diricie
1064 648 1212 723 appellari

227 735 369 790 dicuntur.
399 735 544 811 Congruit
560 745 587 788 et
598 734 736 809 porticum
758 753 871 801 nomen,
896 753 961 789 tiam
980 735 1093 790 lucrum
1106 735 1211 809 punice

226 823 376 877 Alarnmon
410 822 526 877 dicitur.
560 822 619 877 Sed
645 821 694 896 qui
719 822 809 877 seruit
841 840 1014 894 niannnone,
1047 821 1091 876 illi
1117 821 1212 896 utique

225 909 315 964 seruit
345 908 395 983 qui
426 910 512 964 rebus
543 908 606 964 istis
637 909 762 965 terrenis
794 910 897 964 merito
934 926 984 964 sue
1012 908 1212 983 perversioris

202 1002 214 1050 5
223 995 389 1070 prepositus
418 996 604 1052 nn'uistrandi
626 996 711 1053 liuius
733 996 853 1052 seculia
870 997 996 1051 Domino
1014 995 1129 1053 dicitur.
1155 995 1211 1049 tlut

226 1101 299 1158 ergo
323 1093 389 1137 tunc
413 1083 478 1137 odio
503 1083 616 1138 habebit
643 1084 729 1138 homo
753 1095 780 1138 et
802 1083 928 1138 alterum
960 1083 1072 1159 diliget,
1102 1083 1132 1136 id
1159 1094 1211 1152 est,

227 1169 372 1224 dominum
400 1169 506 1238 Deum,
538 1181 589 1224 aut
620 1170 745 1225 alterum
770 1170 906 1244 pacietur
936 1171 1118 1245 alterumque
1144 1188 1210 1224 con·
1282 1159 1284 1165 ⁴

227 1267 360 1330 ternpnet,
396 1256 426 1310 id
458 1267 510 1327 est,
542 1257 746 1312 adversantem
777 1257 933 1312 diabolum.
973 1257 1105 1313 Patietur
1136 1257 1210 1313 enim

227 1344 331 1397 durum
349 1354 376 1398 ct
387 1344 585 1417 perniciosum
603 1343 760 1413 domimini,
784 1344 912 1419 quisquis
926 1344 1016 1400 servit
1033 1363 1212 1413 mammone5

188 1448 277 1485 tosua
300 1429 373 1484 enim
399 1430 556 1505 cupiditate
579 1431 751 1505 implicatus,
786 1430 920 1487 subditur
947 1431 1072 1502 diabolo,
1105 1443 1132 1487 et
1155 1450 1210 1487 nou

226 1535 288 1571 eunt
318 1516 425 1593 diligit.
463 1517 536 1583 Quis
564 1517 636 1572 enim
666 1528 707 1573 est
736 1517 785 1592 qui
812 1517 917 1594 diligat
945 1517 1116 1573 diabolum?
1154 1519 1212 1574 Sed

227 1616 321 1658 tamen
342 1604 487 1677 pacietur,
510 1605 584 1660 sicut
607 1604 634 1658 in
658 1604 770 1659 maiore
791 1604 887 1680 aliqua
913 1605 1010 1676 danto,
1038 1605 1086 1680 qui
1107 1605 1213 1660 ancille

225 1690 317 1745 aliene
348 1692 516 1746 coniunctus
548 1703 590 1747 est
614 1703 739 1766 propter
771 1692 957 1766 cupiditatem
990 1711 1072 1747 suam
1105 1692 1210 1746 duram

222 1778 336 1852 patitur
355 1779 533 1850 servitutem,
559 1778 676 1835 eciamsi
699 1797 754 1834 non
776 1778 882 1856 diligat
898 1797 961 1834 eum
978 1779 1059 1835 cuius
1073 1778 1210 1834 ancillam

188 1864 331 1942 15diligit.

268 1952 400 2007 Alterum
424 1965 519 2009 autent
549 1963 737 2028 contempnet,
771 1952 856 2023 dixit,
890 1971 962 2008 non:
994 1953 1060 2009 odio
1088 1953 1210 2009 habebit.

227 2038 344 2094 Nullius
367 2039 441 2094 enim
459 2040 532 2113 sere
554 2040 730 2096 consciencia
754 2040 849 2096 Deum
870 2051 967 2115 potest
995 2041 1099 2097 odisse.
1136 2041 1211 2096 Con-

227 2127 348 2200 tempnit
380 2138 486 2197 autem,
519 2127 548 2181 id
583 2139 633 2193 est,
667 2145 721 2182 non
757 2127 837 2183 timet
868 2145 943 2198 etant,
976 2128 1059 2202 quasi
1086 2128 1121 2182 de
1153 2127 1212 2183 eius

228 2213 353 2268 bonitate
384 2231 503 2269 securus
535 2226 584 2269 est.
624 2214 667 2269 At>
695 2214 750 2269 hac
778 2214 963 2290 negligencia
995 2226 1022 2270 et
1046 2214 1211 2289 perniciosa

186 2300 383 2355 zosectnitate
407 2312 525 2356 reuocat
547 2301 674 2376 Spiritus
697 2302 829 2370 Sanctus,
863 2319 926 2356 cum
952 2318 1009 2376 per
1032 2302 1210 2376 Prophetam

227 2386 313 2441 dicit:
336 2387 395 2441 Fili
417 2406 451 2441 ne
473 2387 584 2443 adicias
604 2399 756 2462 peccatum
780 2405 870 2463 super
888 2397 1040 2462 peccatum
1065 2398 1092 2442 et
1115 2387 1211 2443 dicas:

227 2474 383 2529 illiseracio
408 2474 466 2529 Dei
489 2493 597 2551 magna
622 2486 673 2530 est,
698 2475 907 2550 Ignorasqttia
927 2475 1076 2548 paciencia
1093 2475 1150 2529 Ilei
1172 2476 1211 2530 ad

224 2561 415 2635 penitenciam
450 2574 478 2616 te
510 2562 633 2617 invitat?
675 2561 762 2616 Cuius
795 2561 868 2616 enim
898 2572 978 2616 tanta
1007 2561 1210 2617 misericordia

226 2647 454 2703 commemorari
472 2659 567 2722 potest
588 2668 675 2724 quam
700 2647 760 2703 eius
783 2648 832 2723 qui
854 2647 948 2703 onmia
974 2648 1063 2702 donat
1089 2659 1210 2722 peccata

185 2735 373 2790 ‘siconnersis
396 2746 424 2789 et
448 2735 606 2790 oleastrum
622 2736 702 2810 sacit
724 2735 899 2810 participem
924 2734 1112 2811 pinguedinis
1139 2736 1209 2790 olee.

228 2822 265 2877 Et
288 2822 368 2878 cuius
392 2832 472 2877 tanta
495 2822 636 2878 seneritas
652 2841 736 2896 quam
761 2822 821 2877 eius
844 2821 895 2898 qui
915 2822 1097 2877 naturalibus
1121 2821 1212 2877 rantis

227 2928 281 2963 non
302 2909 443 2984 pepercit,
467 2910 519 2964 sed
538 2922 663 2984 propter
686 2909 885 2985 infidelitatem
903 2909 1005 2986 fregit
1033 2909 1122 2964 illos?
1154 2909 1212 2964 Sed

225 2996 352 3069 quisquis
377 2996 437 3051 vttll
467 2997 593 3072 diligere
616 2997 710 3052 Deum
741 3009 767 3052 et
795 3014 898 3051 canere
926 3013 960 3050 nc
987 2996 1122 3070 offendat,
1156 3015 1211 3052 non

225 3101 255 3137 se
279 3084 441 3139 arbitretur
465 3085 574 3141 duobus
598 3084 722 3140 dominis
742 3102 829 3158 posse
851 3083 965 3138 seruire
980 3094 1008 3137 et
1025 3083 1210 3138 intencionem

185 3170 324 3224 'socordis
347 3171 393 3224 sui
415 3182 522 3226 rectam
548 3172 583 3227 ab
607 3171 686 3226 omni
708 3170 876 3245 duplicitate
899 3169 1032 3244 explicet.
1070 3170 1112 3224 Ita
1136 3170 1209 3224 enirn

225 3257 330 3311 senciet
359 3258 394 3311 de
423 3258 547 3313 Domino
582 3259 609 3313 in
639 3258 763 3314 bonitate
791 3268 818 3312 et
845 3257 872 3311 in
901 3256 1087 3332 simplicitate
1113 3257 1211 3312 cordis

225 3357 324 3417 queret
347 3345 439 3399 illum.

271 3432 347 3503 Ideo,
381 3431 489 3505 inquit.
524 3433 587 3487 dico
613 3432 691 3487 nobis·
715 3450 769 3486 mm
794 3431 901 3486 liabere
929 3431 956 3486 in
985 3430 1082 3485 citima
1114 3442 1210 3485 nestra

226 3518 294 3590 quid
317 3519 410 3572 edatis
433 3537 520 3591 neque
543 3519 663 3592 corpori
687 3530 783 3574 nestro
802 3519 871 3592 quid
894 3518 1028 3573 induatis.
1054 3518 1099 3573 Ne
1113 3518 1210 3592 sorte,

185 3606 357 3678 liquamnis
380 3606 437 3658 iani
466 3605 614 3680 superflua
644 3623 699 3660 mm
727 3616 897 3679 querantur,
917 3616 1044 3680 propter
1071 3606 1133 3680 ipsa
1162 3623 1209 3660 ne·

226 3691 353 3746 cessaria
382 3709 433 3746 cor
463 3691 627 3766 duplicetur
653 3704 680 3747 et
712 3693 752 3746 ad
785 3691 847 3766 ipsa
879 3692 1076 3766 conquirenda
1109 3703 1209 3747 nostra

226 3779 415 3852 detorquetur
447 3778 578 3848 intencio,
618 3797 682 3834 cunt
716 3779 826 3854 aliquid
861 3780 944 3852 qtcasi
981 3779 1211 3835 misericorditer

225 3884 395 3940 operantur,
419 3865 449 3921 id
472 3879 523 3935 est,
548 3878 577 3921 ut
594 3884 657 3921 cum
680 3867 832 3921 consulere
853 3865 942 3920 alicui
958 3866 1051 3921 uideri
1067 3867 1209 3935 notanus,

277 4166 296 4196 n.
312 4157 344 4197 A:
361 4155 446 4196 dicunt.
518 4155 538 4196 tt.
554 4157 587 4198 A:
600 4156 700 4212 patitur.
775 4153 807 4198 32.
823 4155 857 4197 A:
872 4158 988 4208 quareret.
1069 4151 1101 4196 33.
1117 4159 1208 4202 vestrm

224 4206 246 4248 id
262 4215 303 4255 cst.
317 4207 503 4249 strlllcltudt'nem.
584 4205 619 4250 3o.
635 4210 668 4249 A:
683 4208 821 4261 duplicium
839 4207 871 4249 ib.
888 4207 915 4248 B:
934 4206 966 4248 ad
979 4207 1024 4248 ista
1039 4205 1209 4260 conquerenda.

279 4350 300 4399 5.
319 4349 378 4398 loli.
392 4350 444 4410 xit,
465 4352 509 4407 31;
529 4351 595 4410 XW,
616 4352 655 4401 30.
711 4365 751 4398 21.
770 4350 840 4398 Eccli
854 4350 885 4407 V,
907 4347 929 4397 5.
985 4362 1025 4395 22.
1044 4348 1120 4396 Rom.
1135 4348 1164 4408 ll,
1183 4364 1206 4412 4.

226 4419 266 4468 ein.
286 4420 362 4468 Rom
382 4420 423 4480 xl,
443 4435 483 4469 21.
556 4421 756 4484 Ilo.Sup.l,t.
829 4417 1095 4478 31.ttanh.vt‚25.
