3082 5138
169 516 237 559 cnr.
253 500 349 588 uvat]
527 519 686 569 secuuon
707 519 801 568 enus.

214 683 249 735 Et
274 693 422 753 quantum
447 681 484 735 ad
508 693 639 753 quatuor
668 679 835 752 peticiones
864 678 938 735 alias
967 693 1049 752 patet
1073 680 1155 752 quod

166 786 272 842 panem
297 767 472 822 cotidianum
497 769 638 823 deserunt
663 765 783 836 cotidie,
809 780 964 839 tamquam
990 764 1153 822 inhabilem

171 867 202 909 ut
223 854 261 909 sit
283 854 325 910 eis
348 853 479 910 medium
502 856 540 909 ad
558 853 688 928 patriam
713 853 932 927 attingendam,
959 867 987 908 et
1010 872 1078 910 cum
1095 871 1156 908 non

170 940 325 997 dimittunt
364 940 513 998 extraneis
548 941 642 997 debita
681 942 727 997 vel
765 941 826 996 suis
865 940 1065 1014 complicibus
1103 942 1154 996 sed

147 1029 329 1103 §adaugenq
376 1027 493 1085 videtur
538 1030 620 1102 quod
666 1041 735 1085 sunt
774 1027 922 1085 inhabiles
968 1029 1005 1084 ad
1049 1027 1156 1101 quinto

171 1117 333 1188 petendum
353 1135 370 1172 a
388 1115 533 1171 Domino:
559 1116 681 1172 Dimitte
697 1116 777 1172 nobis
794 1116 888 1172 debita
906 1127 1017 1183 nostra,
1040 1116 1113 1172 sicut
1128 1127 1155 1171 et

171 1222 222 1258 nos
260 1203 430 1258 dimittimus
469 1203 646 1259 debitoribus
684 1203 800 1259 nastris.
840 1205 876 1260 Et
912 1223 979 1260 cum
1014 1202 1156 1260 continue

171 1292 363 1346 accumulant
394 1292 450 1346 hoc
480 1304 638 1364 peccatum
667 1289 893 1363 ingratitudinis
922 1310 982 1365 quo
1013 1294 1155 1348 deserunt

171 1391 283 1433 sectam
318 1377 439 1448 Christi,
479 1376 596 1434 videtur
628 1380 709 1452 quod
744 1378 818 1434 false
850 1392 938 1435 orant
974 1378 1154 1452 peticionem

131 1478 298 1521 rosextam:
324 1465 368 1521 Ne
384 1466 465 1520 Dens
484 1464 562 1540 ipsos
585 1465 702 1521 inducat
725 1466 753 1520 in
777 1466 1007 1540 temptationem,
1031 1485 1099 1521 cum
1123 1483 1156 1521 ex

171 1570 272 1607 errore
302 1551 369 1608 fidei
395 1551 424 1608 in
449 1551 529 1608 facto
553 1551 676 1608 Domini
706 1552 888 1609 necessitant
917 1567 948 1609 ut
973 1553 1002 1608 in
1027 1566 1156 1626 tempta-

171 1637 287 1695 cionem
324 1638 421 1694 linalis
455 1638 670 1713 impenitencie
709 1639 901 1700 inducantur.
939 1643 976 1696 Et
1015 1639 1056 1696 ita
1095 1659 1155 1696 non

171 1739 259 1782 orant
283 1725 491 1794 effectualiter,
525 1739 558 1783 ut
581 1725 748 1783 liberentur
772 1747 788 1783 a
814 1728 894 1783 malo
925 1728 1052 1801 peccati,
1087 1746 1155 1782 cum

172 1813 375 1886 relinquentes
409 1813 580 1870 libertatem
615 1814 687 1887 legis
720 1814 841 1871 Domini
874 1813 1008 1870 servituti
1043 1813 1155 1870 diaboli

133 1910 202 1956 ilise
227 1900 408 1956 submittunt
433 1901 515 1975 (quia
541 1916 572 1957 ut
596 1901 734 1957 Christus
759 1901 831 1958 dicit
857 1903 936 1959 luce
961 1904 1008 1971 Xl,
1036 1903 1085 1966 23,
1110 1902 1159 1976 qui

172 2006 226 2042 nou
250 2000 292 2043 est
316 2007 426 2043 mecum
451 2000 553 2045 contra
579 2007 624 2044 me
647 1997 709 2057 est),
733 1988 852 2045 videtur
869 1991 950 2063 quod
976 1989 1050 2045 tales
1075 1991 1157 2044 dese-

172 2088 269 2130 rentes
294 2074 464 2131 libertatem
490 2074 563 2147 legis
589 2075 710 2131 Domini
734 2075 870 2132 servituti
895 2076 1007 2132 diaboli
1033 2095 1063 2131 se
1088 2077 1157 2131 sub·

173 2161 305 2219 mittunt.
347 2165 381 2218 Et
415 2182 482 2219 vere
516 2163 571 2218 hoc
604 2181 665 2218 non
701 2176 745 2218 est
780 2161 924 2233 medium,
961 2176 992 2218 ut
1026 2182 1041 2218 a
1077 2163 1157 2219 malo

173 2250 287 2322 peccati
305 2252 470 2305 secundum
489 2249 670 2323 peticionem
695 2249 782 2306 istam
801 2250 961 2324 septimam
980 2250 1155 2306 liberentur.

130 2336 289 2393 2t›Fideles
328 2338 407 2392 enim
448 2336 573 2393 ecclesie
612 2350 775 2410 antequam
815 2337 870 2393 iste
909 2351 988 2394 secte
1027 2351 1158 2411 quatuor

172 2424 289 2480 fuerant
315 2422 485 2480 introducte
510 2425 676 2480 secundum
706 2424 887 2498 peticionem
913 2425 1002 2481 aliam
1028 2438 1157 2498 septem-

173 2509 280 2582 plicem
303 2512 507 2568 salvabantur.
533 2512 608 2566 Cum
632 2510 722 2584 igitur
740 2512 835 2567 tidelis
852 2513 940 2568 debet
958 2531 990 2567 ex
1013 2513 1157 2568 mandato

173 2598 293 2654 Domini
320 2600 470 2655 honorare
494 2617 603 2671 corpus
627 2612 730 2655 sancte
756 2599 860 2655 matris
884 2598 1020 2669 ecclesie,
1050 2614 1077 2655 et
1102 2599 1157 2655 iste

172 2699 252 2740 secte
268 2700 399 2759 quatuor
416 2699 571 2760 tamquam
590 2700 722 2759 quatuor
740 2687 881 2742 humores
899 2686 998 2742 inlecti
1018 2685 1157 2741 inliciunt

131 2781 199 2829 abet
229 2772 413 2828 mortificant
442 2773 537 2847 ipsam
568 2773 739 2838 ecclesiam)
773 2794 879 2829 omnes
910 2773 1012 2829 fideles
1046 2776 1156 2829 debent

173 2859 225 2913 niti
244 2860 339 2933 ipsam
363 2862 400 2915 ab
423 2859 485 2916 istis
503 2859 680 2916 humoribus
696 2879 871 2934 expurgare.
896 2864 971 2916 Nam
990 2863 1155 2916 secundum

173 2946 260 3002 tidem
292 2946 427 3021 Apostoli
459 2949 636 3004 christianus
669 2948 738 3002 uiuit
766 2949 794 3003 in
815 2949 880 3026 fide
905 2949 961 3017 filii
988 2949 1054 3018 Dei,
1089 2947 1157 3004 ideo

172 3034 222 3107 qui
259 3034 288 3089 in
329 3034 387 3090 tide
419 3035 469 3089 illa
504 3033 605 3091 deficit
647 3034 692 3090 vel
726 3034 821 3108 ipsam
856 3035 961 3106 inlicit,
1001 3038 1038 3090 de
1071 3049 1157 3090 tanto

174 3121 370 3177 christianum
398 3121 492 3177 inficit
517 3122 560 3179 vel
586 3121 708 3178 occidit.

130 3217 161 3266 [lo
214 3211 254 3262 Ex
288 3228 348 3282 quo
381 3209 499 3265 videtur
532 3210 612 3283 quod
650 3208 703 3264 iste
737 3224 816 3265 secte
850 3223 981 3283 quatuor
1013 3209 1156 3265 occidunt
1184 3221 1357 3280 Ttieseorders

173 3296 282 3351 multas
316 3309 416 3369 partes
449 3297 573 3353 ecclesie
608 3295 775 3366 militantis,
811 3296 882 3370 quia
911 3297 1029 3352 auferre
1063 3297 1154 3352 vitam
1181 3275 1368 3373 'illlailnffh'ssl

171 3385 208 3437 ab
237 3383 359 3439 homine
388 3397 431 3439 est
460 3383 557 3457 ipsum
587 3383 734 3440 occidere.
768 3386 826 3440 Sed
857 3397 930 3458 quot
961 3384 1063 3440 fideles
1087 3397 1156 3440 sunt
1188 3378 1356 3432 spirituum.

171 3469 200 3523 in
232 3470 350 3546 Anglia,
380 3490 509 3545 quorum
541 3471 614 3526 fides
643 3471 689 3526 vel
712 3470 772 3527 vita
802 3472 937 3527 aufertur
968 3490 1021 3544 per
1050 3473 1156 3527 fratres

171 3558 206 3611 de
230 3557 407 3623 Eucaristia‚
433 3577 501 3613 cum
527 3577 604 3613 unus
628 3556 702 3614 dicit
726 3559 807 3632 quod
831 3557 867 3615 sit
892 3558 1056 3631 quantitas,
1080 3557 1156 3615 alius

129 3647 250 3717 atqnod
276 3645 313 3701 sit
337 3645 475 3719 qualitas,
506 3659 534 3701 et
559 3644 670 3701 tercius
693 3648 775 3719 quod
804 3644 841 3700 sit
865 3645 967 3702 nichil.
1002 3645 1154 3720 Numquid

171 3732 245 3787 tales
264 3733 385 3788 heretici
404 3752 456 3788 sua
474 3732 602 3806 pertidia
620 3732 804 3789 mortilicant
822 3732 1021 3789 christianos?
1039 3736 1156 3790 Contra
1180 3742 1238 3784 Tuis
1254 3743 1362 3803 speciatty

170 3820 245 3874 tales
269 3839 340 3891 ergo
365 3840 418 3892 pro
444 3820 630 3893 purgacione
655 3820 759 3876 matris
783 3819 907 3876 ecclesie
924 3822 1034 3877 debent
1054 3821 1156 3876 fideles
1197 3795 1344 3901 ,eidhlss‘g‘ffl

170 3905 278 3979 singuli
313 3908 460 3963 laborare.
494 3911 530 3963 Et
566 3909 619 3963 hec
652 3906 734 3963 racio
769 3926 863 3981 quare
896 3907 998 3963 fideles
1031 3909 1155 3981 quidam
1207 3902 1337 3996 Egsshlffis,

170 4006 297 4066 tangunt
331 3993 466 4050 crebrius
501 3996 579 4050 hunc
613 4014 757 4065 errorem,
797 3994 892 4050 immo
931 3994 1157 4051 considerantes

125 4080 259 4146 aolidem
296 4080 422 4137 Matthei
452 4084 486 4151 V,
517 4082 567 4138 13:
608 4083 639 4138 Si
671 4084 717 4138 sal
748 4082 908 4148 evanuerit,
947 4084 987 4137 nd
1019 4083 1157 4138 nichilum

171 4169 246 4223 valet
280 4170 358 4223 ultra
392 4169 448 4224 nisi
485 4180 515 4224 ut
554 4170 687 4226 mittatur
712 4170 805 4244 joras
837 4181 864 4225 et
902 4171 1088 4226 conculcetur
1123 4170 1159 4225 ab

221 4406 240 4453 5.
255 4408 276 4446 n.
292 4406 326 4447 ad
339 4407 420 4458 quinto
432 4407 556 4460 petendum
582 4407 625 4451 See
641 4408 654 4449 Ι.
672 4419 703 4459 to,
720 4419 750 4461 to.
824 4405 855 4448 32.
873 4408 893 4448 Α
909 4407 932 4448 in
947 4417 1034 4461 marcq:
1051 4405 1114 4460 Quid
1127 4409 1161 4448 ert

169 4459 277 4501 occidere
331 4457 367 4508 34.
383 4461 416 4501 A:
433 4459 494 4501 unde
508 4471 574 4500 unus.
