3082 5138
154 482 222 526 cnr.
238 474 311 543 uu]
501 486 659 536 saeuum
682 485 776 534 PARS.

196 647 236 701 Ex
260 645 371 719 quibus
394 644 512 702 videtur
536 648 619 720 quod
653 647 745 702 habet
768 663 892 702 causam
918 645 1139 720 proficientem,

153 732 333 790 efficientem
359 745 387 789 et
411 732 632 790 subiectantem
663 747 692 789 et
725 732 876 789 linientem
911 747 940 790 et
964 733 1139 790 dominatur

152 819 303 895 peccatori
328 818 427 894 ipsum
452 819 584 892 facienti,
609 818 679 876 licet
702 818 812 877 serviat
837 823 900 876 Deo
923 836 1037 877 nostro.

194 908 284 964 Tales
307 920 377 962 sunt
401 908 494 964 multe
519 906 767 983 equivocaciones
790 920 904 964 stantes
921 907 951 964 in
967 906 1140 965 racionibus

128 993 317 1067 ianalogicis
349 1008 378 1050 et
415 993 602 1051 dimittentes
635 994 769 1051 defectus
800 994 852 1069 qui
889 1009 958 1051 sunt
991 994 1139 1051 veraciter

152 1081 250 1155 ipsum
275 1080 359 1138 nihil.
384 1084 445 1139 Nec
470 1080 618 1156 contingit
634 1081 765 1155 logicum
791 1081 875 1156 loqui
898 1084 936 1138 de
959 1095 1085 1157 peccato
1109 1081 1140 1138 in

151 1168 209 1226 ista
233 1167 369 1241 materia,
403 1168 460 1226 nisi
484 1170 530 1247 yel
553 1168 685 1225 scienter
706 1169 752 1226 vel
780 1166 956 1243 ignoranter
980 1169 1140 1245 equivoca-

152 1256 254 1312 ciones
277 1255 451 1312 huiusmodi
475 1258 707 1315 demonstraret.

195 1345 254 1400 Sed
292 1343 417 1400 ulterius
454 1346 624 1400 notandum
664 1357 708 1399 est
746 1344 911 1400 secundum
951 1357 1072 1400 sanctos
1109 1357 1137 1400 et
1148 1340 1224 1434 Τξῖθθ
1243 1341 1358 1436 llfflSfff

112 1429 324 1504 rospeeialiter
360 1432 528 1488 secundum
567 1430 770 1504 Augustinum
809 1432 891 1504 quod
935 1449 982 1487 res
1027 1430 1138 1486 dicitur
1180 1405 1331 1507 5¹llrisltfa'

152 1517 263 1575 habere
287 1517 395 1591 triplex
418 1536 492 1590 esse,
517 1517 632 1575 scilicet
656 1536 718 1575 esse
742 1517 946 1575 intencionale
963 1518 1009 1574 vel
1032 1517 1137 1588 ideale,
1183 1499 1319 1540 ¹¹¹d'*¹d¹¹²¹''

151 1608 233 1679 quod
270 1605 359 1661 habet
391 1605 422 1661 in
456 1609 529 1677 Deo,
563 1619 592 1661 et
629 1624 692 1662 esse
717 1605 837 1662 causale
870 1607 951 1680 quod
985 1606 1074 1662 habet
1107 1604 1137 1660 in

152 1691 250 1748 causis
274 1691 423 1749 secundis.
447 1694 502 1749 Vel
517 1692 611 1750 tercio
627 1711 691 1750 esse
709 1691 893 1749 individuale
908 1693 954 1749 vel
971 1691 1137 1761 effectuale,

152 1781 233 1854 quod
266 1780 357 1836 habet
388 1779 419 1836 in
451 1793 562 1837 natura
593 1799 648 1837 sua
681 1779 821 1854 propria3
855 1793 884 1837 et
918 1779 949 1835 in
973 1779 1030 1836 ista
1054 1778 1137 1853 equi-

113 1865 315 1929 15vocacione
339 1867 478 1924 laborant
502 1867 624 1941 plurimi
649 1866 680 1922 in
704 1867 868 1941 loquendo.
893 1869 930 1923 Et
953 1866 995 1923 sie
1012 1865 1136 1941 quidam

152 1954 322 2011 concedunt
360 1955 443 2028 quod
482 1955 597 2011 malum
636 1972 713 2028 pene
751 1955 841 2011 habet
874 1972 937 2011 esse
972 1953 1068 2010 ideale
1091 1953 1137 2010 vel

151 2039 354 2098 intencionale
388 2055 524 2099 eternum
560 2042 589 2098 in
626 2045 703 2112 Deo;
742 2060 810 2099 cum
845 2045 925 2098 Deus
963 2041 1137 2098 eternaliter

151 2128 280 2185 intendit
312 2131 394 2203 quod
431 2143 589 2203 peccatum
628 2131 667 2185 ad
701 2128 805 2185 mundi
841 2128 1075 2203 pulcritudinem
1109 2142 1138 2185 et

152 2216 310 2272 beatorum
335 2215 480 2289 gaudium
505 2215 659 2290 puniatur.
685 2218 844 2273 Peccatum
863 2229 962 2273 autem
981 2218 1061 2272 Deus
1079 2234 1138 2272 non

110 2330 142 2364 20
151 2301 292 2377 intelligit
308 2321 361 2378 per
377 2304 478 2376 ydeas‚
507 2306 559 2360 sed
576 2307 619 2373 (ut
635 2304 733 2376 placet
751 2303 967 2371 Lineolniensi)
993 2322 1046 2377 per
1062 2316 1138 2358 eter-

152 2409 221 2447 nam
247 2389 418 2447 carenciam
442 2389 589 2447 idearum.
626 2393 663 2446 Et
686 2390 768 2447 iuxta
790 2391 865 2448 tales
889 2389 1138 2465 equivocaciones

152 2490 270 2551 ponunt
304 2479 443 2534 doctores
481 2477 690 2535 conclusiones
723 2496 798 2553 quas
826 2497 889 2535 non
922 2496 1028 2534 omnes
1053 2475 1138 2533 audi-

152 2577 232 2621 tores
256 2563 438 2639 intelligunt,
462 2578 495 2622 ut
520 2564 724 2622 communiter
746 2564 857 2621 dicitur
873 2568 955 2639 quod
972 2568 1052 2621 Deus
1076 2583 1137 2620 non

152 2652 215 2708 vult
250 2653 333 2726 quod
366 2651 474 2727 aliquis
507 2666 621 2728 peccet,
661 2652 731 2709 lieet
758 2651 829 2709 velit
861 2655 943 2726 quod
977 2663 1136 2727 peccatum

111 2737 266 2801 25diaboli
290 2739 336 2796 vel
368 2738 499 2796 hominis
532 2739 689 2813 puniatur;
724 2752 753 2796 et
785 2739 826 2795 sie
850 2739 1025 2796 fabulantur
1047 2736 1138 2810 logici

154 2827 191 2882 de
224 2825 326 2883 multis
359 2827 589 2902 consequenciis
621 2827 652 2883 in
688 2825 797 2901 quibus
830 2823 1045 2882 studiosissimi
1068 2837 1138 2881 sunt

154 2912 283 2988 decepti,
321 2927 354 2969 ut
392 2913 448 2971 ista
487 2913 708 2989 consequencia
746 2915 913 2970 secundum
952 2911 1066 2987 logicos
1094 2925 1139 2968 est

153 3000 292 3057 formale:
318 3003 399 3058 Istud
422 3015 581 3076 peccatum
606 3000 739 3075 punitur,
764 3018 836 3074 ergo
860 2999 1003 3057 informat
1026 2999 1072 3055 vel
1095 2998 1139 3055 in-

152 3087 249 3144 stituit
266 3101 471 3162 peecatorem;
496 3102 537 3148 et:
555 3091 635 3144 Deus
650 3088 713 3145 vult
737 3089 818 3162 quod
843 3086 894 3144 illa
917 3084 1139 3161 consequencia
1164 3086 1261 3180 38220
1276 3087 1310 3180 (ds
1401 3115 1407 3129 .

112 3175 190 3238 3osit
215 3177 305 3244 bona,
339 3189 367 3232 et
396 3178 477 3232 Deus
500 3176 563 3233 vult
591 3177 786 3248 antecedens;
818 3193 889 3248 ergo
912 3177 992 3230 Dens
1016 3174 1079 3229 vult
1111 3185 1139 3229 et
1164 3150 1207 3243 slya
1226 3141 1343 3251 illidii

154 3279 350 3337 consequens,
384 3275 412 3318 et
445 3281 498 3336 per
531 3280 717 3337 consequens
742 3265 821 3317 Deus
850 3261 911 3318 vult
945 3264 1025 3336 quod
1059 3260 1139 3317 istud
1175 3243 1330 3286 ordarnssm.

154 3362 312 3423 peecatum
352 3349 490 3406 instituat
527 3363 729 3423 peccatorem.
776 3351 813 3404 Et
852 3349 882 3405 in
916 3348 972 3405 ista
1012 3347 1139 3405 materia
1176 3376 1180 3384 ·

153 3437 301 3493 laboravit
323 3435 451 3493 sollicite
476 3437 736 3511 Bradewardinus.
775 3435 901 3492 Videtur
930 3435 1009 3492 enim
1040 3435 1138 3509 ipsum

153 3523 253 3581 dicere
284 3525 366 3598 quod
390 3526 469 3580 Deus
501 3525 564 3581 vult
588 3526 669 3598 quod
695 3526 787 3580 homo
811 3537 925 3597 peccet,
958 3522 1035 3580 sicut
1060 3525 1139 3578 Deus

112 3621 141 3673 35
154 3612 215 3666 vult
239 3612 321 3685 quod
345 3611 490 3686 puniatur
521 3614 559 3669 ad
589 3610 826 3685 pulcritudinem
861 3609 1003 3682 universi,
1036 3622 1064 3665 et
1097 3609 1139 3664 sic

154 3700 235 3755 Deus
273 3698 433 3755 necessitat
472 3699 627 3755 hominem
672 3699 711 3755 ad
741 3700 941 3772 peccandum,
980 3696 1057 3754 sicut
1095 3709 1140 3752 est

153 3799 258 3841 auctor
282 3784 407 3860 peccati.

196 3874 234 3932 Et
257 3886 404 3948 quantum
441 3875 479 3928 ad
512 3872 732 3929 controversias
762 3887 937 3929 sanctorum
962 3889 1016 3945 per
1039 3872 1138 3927 detec-

154 3958 255 4017 ciones
278 3959 527 4035 equivocancium
545 3960 663 4017 videtur
686 3961 822 4029 evadere,
848 3973 876 4016 et
900 3958 941 4015 ita
964 3951 1042 4014 sicut
1060 3961 1139 4013 Deus

206 4341 232 4374 tt.
247 4332 268 4374 Α
284 4331 306 4374 in
322 4343 408 4384 murg.:
424 4327 481 4373 Erre
494 4331 588 4386 triplex.
648 4342 678 4384 17.
694 4328 724 4371 B:
740 4341 790 4372 cum
805 4328 864 4372 Deo.
933 4338 964 4380 19.
980 4326 1010 4369 B:
1025 4327 1139 4370 bonorum

151 4384 274 4481 ςαηάίιςηι.
354 4395 389 4426 20.
414 4383 476 4445 nin
493 4395 543 4425 mar
560 4397 579 4424 ,ε
599 4381 781 4444 Lneolm'errrr's.
862 4378 894 4423 23.
919 4382 952 4423 A:
977 4380 1041 4434 quod
1066 4379 1139 4422 deest.

167 4433 185 4479 3.
201 4439 221 4480 A
237 4448 260 4479 m
276 4448 362 4491 maren:
380 4437 468 4490 Opmro
482 4435 531 4478 Bra
549 4447 599 4478 mar
611 4446 656 4488 yur
670 4434 816 4489 deprecato.
