3082 5138
282 3341 334 3384 The
347 3341 440 3384 faithful

278 3393 350 3446 ought
366 3401 406 3436 not
420 3401 444 3435 to

336 3446 388 3500 neg.

783 464 873 514 OPUS
891 460 1142 512 EVANGELICUM
1300 443 1383 525 [cae.
1400 456 1461 499 nur.

473 639 505 679 ut
540 625 578 680 sit
608 625 703 697 ligura
731 624 927 680 alienacionis
956 644 972 679 a
1002 625 1066 695 lege
1091 620 1203 676 Christi
1233 637 1261 676 et
1290 625 1328 677 ab
1357 625 1461 677 obser·

473 711 579 768 cancia
612 711 656 767 sui
689 711 831 784 precepti.
873 714 908 765 lit
937 713 974 765 ad
1007 710 1096 764 istum
1127 726 1248 764 sensum
1273 708 1458 765 catholicum

474 797 607 873 loquitur
631 799 816 870 Augustinus
842 797 1013 871 utrobique,
1047 795 1096 851 ubi
1122 810 1344 852 commemorat
1370 796 1457 851 istam

474 886 642 942 materiam.
677 887 763 941 Unde
797 885 825 940 in
859 884 989 941 decretis
1015 886 1057 940 lle
1086 885 1276 952 Consecrac.,
1308 884 1376 939 dist.
1407 886 1459 953 lli,

473 993 539 1047 cap.
578 975 637 1041 Qui
667 975 843 1028 ›ironducont
883 987 911 1028 et
944 970 1016 1027 alibi
1051 974 1130 1026 Deus
1163 970 1352 1027 necessitarit
1386 971 1486 1026 istos5

473 1061 622 1117 hereticos
647 1061 778 1116 inserere
803 1061 893 1115 verba
917 1072 1091 1116 sanctorum
1118 1071 1223 1113 contra
1248 1076 1278 1113 se
1303 1058 1386 1131 ipsos
1403 1077 1459 1131 pro

474 1163 579 1205 nostra
613 1148 695 1203 lideli
729 1147 891 1203 sentencia.
927 1147 1014 1202 Unde
1043 1144 1227 1217 Augustinus
1261 1144 1290 1200 in
1325 1145 1460 1219 capitulo

478 1237 536 1302 Qui
558 1236 735 1290 iriunducont
758 1233 800 1290 sic
818 1233 967 1307 loquitur:
991 1233 1077 1300 Quod
1094 1233 1217 1299 uidetur,
1244 1231 1351 1305 inquit,
1373 1234 1460 1307 patris

472 1334 513 1377 est
535 1333 560 1376 et
574 1323 654 1376 calix
668 1322 746 1396 quod
755 1322 831 1377 oculi
846 1321 1023 1376 renunciant.
1046 1321 1133 1386 Quod
1143 1331 1237 1373 aretem
1240 1320 1321 1395 fides
1329 1321 1459 1395 postulat

473 1409 642 1464 instruendo
672 1409 757 1482 ponis
780 1421 822 1463 est
853 1427 960 1483 corpus
989 1407 1107 1461 Christi.
1149 1409 1185 1461 Et
1217 1408 1396 1479 leronymus
1430 1406 1460 1461 in
1476 1421 1508 1452 10

472 1495 600 1569 epistola
633 1497 670 1550 ad
704 1495 891 1551 llelbidiam:
928 1495 992 1565 Vos,
1021 1493 1129 1566 inquit,
1163 1494 1326 1564 aridiumus,
1353 1512 1459 1568 panem

472 1601 554 1658 quem
577 1583 678 1659 fregit
706 1583 849 1637 Dominus
882 1582 1014 1657 deditque
1042 1581 1191 1655 discipulis
1224 1582 1459 1636 riroudttcondum

472 1689 578 1746 corpus
618 1689 680 1725 esse
712 1670 833 1725 Domini
863 1669 1030 1739 salvatoris,
1064 1669 1126 1743 ipso
1159 1669 1283 1723 dicente:
1317 1668 1381 1723 Hoc
1418 1679 1460 1723 cst

472 1776 580 1832 corpus
603 1776 707 1812 iitetmi.
733 1759 769 1811 Et
792 1755 971 1811 Ambrosius
995 1755 1068 1812 dicit
1092 1755 1173 1829 quod
1199 1755 1273 1811 illud
1298 1757 1378 1829 quod
1404 1755 1459 1810 luit

474 1845 558 1918 panis
583 1844 642 1900 iam
668 1857 711 1899 est
736 1863 845 1917 corpus
869 1842 980 1898 Christi
1004 1842 1112 1899 virtute
1136 1845 1296 1898 verborum
1324 1842 1459 1897 Domini.
1476 1842 1504 1890 15

475 1935 530 1988 iste
554 1945 674 1987 sanctus
698 1950 759 1986 non
783 1932 914 1987 audebat
938 1929 1038 1987 dicere
1062 1933 1142 2004 quod
1167 1930 1277 1986 virtute
1301 1948 1353 1985 sue
1371 1932 1461 1986 bene·

474 2018 620 2076 diceionis
644 2032 672 2073 et
696 2020 857 2074 verborum
883 2017 995 2073 diaboli
1020 2018 1106 2090 panis
1128 2018 1177 2074 ille
1194 2016 1398 2073 adnichilatur
1414 2018 1460 2072 vel

474 2105 582 2162 desinit
616 2124 679 2161 esse
713 2106 877 2161 secundum
908 2105 1074 2178 quamlibet
1107 2105 1151 2160 sui
1183 2119 1309 2177 partem.
1352 2107 1388 2159 Et
1416 2103 1457 2158 illi

474 2206 565 2249 testes
600 2206 735 2248 recentes
768 2192 889 2265 allegati
918 2191 948 2247 in
976 2191 1163 2248 contrarium
1195 2210 1226 2247 es
1259 2192 1376 2246 delectu
1406 2210 1459 2246 sue

475 2279 665 2336 fundacionis
698 2299 758 2335 non
790 2294 858 2335 sunt
892 2279 939 2335 hic
971 2299 988 2335 a
1018 2279 1157 2334 fidelibus
1187 2277 1342 2334 recitandi.
1382 2283 1459 2334 Sunt
1473 2293 1506 2324 20

474 2367 554 2424 enim
587 2366 680 2422 nostri
714 2381 848 2423 recentes
872 2365 994 2422 heretici
1020 2368 1086 2440 plus
1114 2365 1196 2421 stulti
1226 2386 1316 2439 quam
1348 2384 1459 2428 mures

475 2474 542 2511 cum
569 2453 670 2509 dicant
695 2456 777 2527 quod
801 2454 857 2528 ipsi
882 2456 1046 2510 comedunt
1071 2454 1210 2510 accidens
1235 2453 1298 2508 sine
1322 2453 1458 2509 subiecto

476 2555 504 2599 et
527 2540 684 2597 dimittunt
707 2541 797 2597 aliam
820 2541 1025 2597 substanciam
1044 2540 1311 2608 incomescibilem.
1334 2539 1404 2595 licet
1423 2539 1460 2595 sit

476 2628 626 2685 inlinitum
670 2627 776 2683 melior
814 2647 905 2702 quam
946 2628 1069 2702 aliquod
1109 2628 1252 2684 accidens
1291 2628 1460 2700 corporale.

475 2715 663 2789 Augustinus
694 2729 795 2770 autem
842 2729 871 2770 et
910 2715 1001 2771 ceteri
1039 2714 1091 2788 qui
1130 2714 1335 2787 intelligebant
1372 2714 1505 2769 coces25

476 2802 616 2877 proprias
659 2801 795 2857 dixerunt
842 2803 923 2875 quod
964 2821 997 2858 ex
1040 2801 1152 2858 noticia
1196 2804 1355 2857 verborum
1403 2803 1461 2856 hoc

474 2885 645 2966 noverant}
667 2890 748 2962 quod
773 2889 912 2945 accidens
936 2908 998 2944 non
1024 2902 1120 2961 potest
1145 2909 1208 2944 esse
1226 2888 1290 2944 sine
1307 2888 1460 2958 subiect03
1493 2885 1538 2936 381

475 2979 526 3034 sed
559 2975 653 3031 nostri
683 2976 896 3031 blasfemantes
926 2974 956 3030 in
987 2977 1081 3031 Deum
1112 2974 1214 3030 dicunt
1244 2975 1308 3031 sine
1337 2976 1461 3031 racione

475 3066 521 3120 sel
544 3082 632 3118 sensu
657 3064 739 3135 quod
765 3081 817 3137 per
843 3063 923 3134 ipsos
942 3066 1021 3118 Deus
1046 3061 1115 3119 lacit
1140 3061 1354 3118 insensibiliter
1379 3062 1459 3118 istud

477 3151 668 3208 miraculum.
693 3151 752 3205 Sed
777 3148 819 3205 illi
844 3150 895 3224 qui
919 3151 1032 3205 nudent
1049 3163 1081 3206 ut
1098 3149 1184 3205 Greci
1203 3163 1231 3206 et
1249 3149 1351 3205 lideles
1368 3150 1461 3206 ceteri
1475 3152 1508 3199 [³0

476 3239 558 3312 ipsos
583 3236 720 3292 derident
745 3251 776 3292 ut
800 3236 927 3292 stolidos
952 3237 982 3292 in
1006 3238 1061 3292 hac
1087 3251 1180 3310 parte.

521 3328 638 3394 Quarto
677 3338 761 3397 patet
800 3342 833 3379 ex
871 3323 929 3379 ista
960 3323 1115 3380 sentencia
1147 3325 1228 3397 quod
1264 3323 1365 3378 fideles
1399 3343 1461 3378 non

477 3413 585 3468 debent
615 3413 653 3466 ab
686 3410 753 3467 aliis
783 3410 965 3478 mendicare,
999 3413 1050 3466 sed
1075 3413 1157 3484 quod
1182 3413 1326 3467 habentes
1351 3430 1460 3483 panem

476 3498 677 3554 sufficientem
703 3517 759 3572 pro
784 3497 857 3571 ipsis
882 3512 911 3553 et
928 3497 995 3553 aliis
1012 3499 1121 3554 debent
1139 3500 1304 3572 prudenter
1321 3512 1348 3553 et
1366 3497 1461 3571 gratis

476 3585 632 3658 egentibus
655 3584 815 3659 impertiri.
850 3587 937 3641 Unde
962 3603 1030 3640 cum
1057 3585 1137 3641 iuxta
1162 3585 1382 3643 Crisostomum
1408 3585 1460 3658 qui
1475 3584 1506 3634 35

475 3672 611 3729 abutitur
640 3671 690 3728 tali
723 3691 802 3746 pane
831 3673 876 3729 rel
900 3675 1107 3730 consumendo
1130 3672 1161 3728 in
1182 3692 1213 3729 se
1236 3673 1302 3747 ipso
1325 3673 1369 3728 rel
1391 3690 1462 3727 con-

528 3930 544 3961 t.
560 3919 590 3960 B:
605 3917 754 3960 elevacione.
834 3918 856 3960 8.
871 3921 905 3961 A:
924 3920 1062 3965 manducat:
1086 3919 1116 3960 ib.
1132 3922 1153 3962 A
1167 3919 1189 3961 in
1206 3931 1291 3971 mare:
1312 3918 1463 3969 Augustinus.

475 3983 498 4025 9.
514 3973 548 4013 A:
570 3971 697 4025 postulant.
766 3971 974 4013 10.Ainmor.:
997 3971 1137 4013 leronimus.
1228 3984 1253 4013 u.
1270 3972 1298 4013 B:
1324 3971 1464 4013 Helbedom.

476 4035 507 4073 ta.
524 4025 544 4066 A
560 4025 582 4064 in
598 4035 685 4077 marg.:
700 4023 842 4065 Ambrosius.
899 4024 929 4066 18.
969 4024 991 4065 in
1001 4035 1087 4077 mare:
1103 4023 1165 4065 Nota
1180 4023 1371 4079 quodsecundnm
1381 4023 1463 4075 Augu·

473 4076 558 4117 stim
565 4075 657 4117 elalius
664 4076 751 4118 nullum
759 4075 867 4118 accidens
873 4077 1064 4130 potestessen'nc
1074 4077 1183 4118 subiecto.
1232 4074 1264 4118 1³2.
1273 4079 1293 4118 A
1303 4076 1325 4117 in
1335 4088 1419 4127 marn:
1430 4075 1451 4116 Ι)
1458 4091 1465 4121 ,-

476 4128 507 4170 ib.
524 4127 553 4170 B:
570 4127 660 4182 Quarto
673 4132 751 4181 polest
764 4128 848 4171 notari
860 4140 890 4171 ex
903 4130 949 4170 ista
963 4129 1089 4170 sentencia.
1165 4126 1199 4171 30.
1219 4128 1307 4170 codd:
1328 4129 1463 4170 abutuntur.

529 4256 552 4305 3.
566 4255 667 4303 Decreti
678 4253 767 4302 Tertia
777 4254 840 4302 Pars
854 4255 913 4303 dist.
928 4255 957 4315 11,
970 4270 1025 4318 cap.
1038 4255 1046 4303 1
1052 4255 1125 4303 ,vul
1209 4272 1234 4320 n.
1248 4256 1294 4302 Sti.
1308 4256 1463 4318 Hieronymi

476 4323 523 4386 Ep.
543 4326 576 4371 ad
597 4323 744 4384 lledibiam,
765 4322 933 4385 v01.t,824;
953 4323 992 4372 Cf.
1008 4324 1155 4389 Wyclillle
1169 4324 1340 4384 eochar-istra,
1360 4339 1384 4387 p.
1404 4338 1464 4371 200.

481 4407 517 4439 ιι.
536 4393 576 4440 Cl.
597 4393 697 4458 u'yctif
714 4394 752 4441 De
771 4392 942 4454 Eucherium,
961 4409 986 4458 p.
1005 4408 1047 4460 99.
