3082 5138
662 468 752 518 otus
771 467 1022 519 tzt'xsoetstct'st
1178 449 1260 534 [exe.
1276 465 1339 509 xvi.

348 646 428 684 :nunt
453 644 507 685 etc.
532 630 660 685 frustra
676 632 770 706 igitur
786 632 929 686 contendi!
946 632 973 685 in
990 643 1072 687 terra
1086 643 1202 705 patrem
1220 632 1338 699 habere,

349 720 398 791 ἕπε’
418 732 535 792 ¹:atrem
558 730 585 772 et
599 720 729 793 patriam
744 719 902 792 profitetur
925 738 955 773 se
978 720 1087 774 haltere
1109 720 1137 772 in
1161 719 1233 787 celo,
1257 720 1340 774 cuius

346 808 445 879 patrie
465 825 620 880 possessor
642 825 726 860 nemo
749 806 889 882 efficitur,
913 806 968 861 nisi
982 807 1031 880 qui
1053 807 1089 860 de
1111 817 1229 861 terrene
1240 807 1341 880 patrie

349 896 535 947 osenna-‘uae
557 912 678 948 securus
701 895 834 948 liabetur.

394 982 485 1035 letum
511 994 612 1035 autem
638 983 765 1035 abusum
792 979 954 1054 septimum
972 981 1105 1036 studeret
1122 999 1201 1054 papa
1223 979 1365 1036 solicite5

350 1068 477 1122 tit-:nio
501 1066 524 1121 ,si
550 1067 703 1141 inculpate
727 1068 825 1123 veniet
854 1068 891 1123 ad
921 1067 1062 1141 patriam,
1093 1066 1166 1141 quia
1200 1067 1339 1123 modicus

351 1172 434 1209 error
463 1155 492 1209 in
522 1155 690 1211 christiano
714 1157 790 1210 duce
813 1169 875 1211 tam
905 1153 1188 1211 immisericorditer
1216 1168 1342 1211 conten·

350 1261 433 1296 ezoso
457 1242 541 1297 ducit
565 1262 633 1297 eum
659 1241 772 1298 directe
796 1245 833 1298 ad
859 1255 1019 1298 tartarum.

726 1447 832 1510 CAP.
856 1446 959 1510 XVI.

137 1658 145 1667 ,
172 1614 195 1629 ··
253 1603 339 1645 ’.κέν
394 1591 538 1666 Sequitur
561 1606 643 1647 sexta
660 1589 815 1646 beatitudo
832 1609 891 1664 que
907 1589 985 1646 sicut
1001 1589 1130 1646 includit
1147 1589 1274 1647 virtutes
1298 1590 1342 1647 sic
1357 1615 1386 1648 10

136 1666 232 1753 'el-y·
254 1669 481 1749 ,excludit
519 1692 655 1752 peccata.
696 1677 796 1734 l'rima
834 1677 1020 1734 beatitudine
1052 1677 1147 1734 virtus
1185 1678 1343 1735 humilitas

333 1765 518 1822 ‘includitur
556 1779 585 1821 et
627 1764 768 1839 superbia
804 1764 981 1837 excluditur,
1018 1766 1089 1820 dum
1126 1765 1264 1822 Christus
1299 1765 1343 1821 sic

351 1854 499 1927 loquitur:
534 1853 620 1908 Beati
647 1871 793 1928 pauperes
826 1853 942 1927 spiritu,
975 1853 1107 1927 quoniam
1141 1853 1272 1928 ipsorum
1301 1863 1343 1908 est

352 1959 477 2017 regnum
502 1940 642 1995 celorum.

397 2029 537 2085 Secundo
572 2027 667 2099 gradu
697 2024 853 2082 beatitudo
885 2025 992 2082 arralis
1015 2027 1142 2082 docetur
1175 2025 1290 2084 miticia
1314 2036 1386 2087 et15

352 2114 520 2174 excluditur
542 2113 655 2169 invidia
687 2127 779 2187 atque
802 2113 856 2183 ira,
890 2114 961 2168 dum
987 2112 1110 2170 dicitur:
1143 2114 1229 2170 Beati
1250 2114 1343 2183 mites,

351 2204 485 2279 quoniam
510 2202 566 2277 ipsi
584 2201 772 2276 possidebunt
795 2211 917 2255 terram.
953 2203 986 2256 ln
1010 2200 1104 2257 tercio
1128 2203 1224 2274 gradu
1248 2201 1344 2258 beati·

353 2290 465 2346 tudinis
509 2290 634 2345 docetur
672 2286 832 2344 solicitudo
876 2287 906 2342 in
944 2287 1047 2344 divino
1100 2287 1268 2345 ministerio
1314 2303 1343 2346 et

353 2377 521 2434 excluditur
576 2377 729 2432 mundana
776 2373 940 2430 insolencia
988 2375 1049 2431 sive
1096 2375 1222 2445 accidia,
1270 2378 1342 2432 dum

354 2465 478 2521 dicitur:
513 2463 599 2519 Beati
625 2463 674 2537 qui
705 2463 815 2539 lugent,
848 2463 982 2536 quoniam
1021 2463 1076 2538 ipsi
1106 2464 1342 2519 consolabuntur.
1355 2490 1387 2523 20

356 2557 386 2608 ln
412 2565 522 2625 qumto
547 2569 617 2607 vero
652 2549 848 2606 includuntur
880 2549 1086 2623 temperancia
1117 2564 1146 2606 et
1170 2549 1291 2607 iusticia
1315 2564 1344 2606 et

354 2640 553 2695 excluduntur
577 2639 647 2710 gula
670 2651 760 2711 atque
783 2635 901 2692 luxuria
928 2638 1000 2693 dum
1026 2636 1152 2694 dicitur:
1187 2638 1274 2694 Beati
1296 2638 1345 2713 qui

353 2727 483 2783 esuriunt
506 2736 533 2782 et
555 2725 668 2787 sicitott,
692 2724 824 2799 quoniam
853 2723 910 2799 ipsi
930 2726 1149 2780 saturabuntur.
1181 2728 1212 2781 ln
1237 2725 1344 2800 quinto

354 2816 447 2884 gradu
482 2810 678 2869 beatitudinis
711 2810 876 2866 includitur
917 2810 1081 2868 elemosina
1113 2826 1142 2869 et
1174 2812 1344 2869 excluditur

354 2900 495 2968 interficia,
520 2902 590 2955 dum
625 2899 667 2954 sic
699 2897 822 2954 dicitur:
856 2899 942 2953 Beati
964 2900 1178 2972 misericorder,
1210 2901 1386 2974 quoniamai

355 2989 587 3043 miseriem-diam
604 2997 821 3060 emteeqtteutur.
840 2988 936 3041 lmmo
953 3006 1020 3042 cum
1039 3000 1099 3042 tam
1112 2986 1237 3045 virtutes
1252 3007 1344 3063 quam

356 3075 431 3131 ticin
458 3088 525 3129 sunt
550 3093 693 3143 connexa,
728 3072 860 3147 quelibet
895 3071 1020 3128 istarum
1054 3074 1277 3131 beatitudinum
1302 3075 1345 3131 in·

356 3162 448 3219 cludit
484 3180 588 3216 mnnes
622 3161 747 3217 virtutes
790 3174 817 3215 et
854 3160 985 3216 excludit
1026 3179 1217 3236 quecumque
1256 3161 1343 3218 vicia.

358 3252 444 3305 ttnde
469 3249 499 3303 in
533 3251 589 3304 boc
622 3262 705 3304 sextu
740 3249 835 3321 gradu
870 3247 1066 3304 beatitudinis
1099 3251 1225 3306 docetur
1248 3249 1346 3323 parci-

358 3336 457 3392 monia
496 3349 524 3391 et
561 3335 728 3391 excluditur
765 3334 984 3407 castrimargia.
1028 3336 1098 3390 dum
1141 3336 1183 3392 sic
1220 3336 1390 3399 diciturz30

357 3425 441 3479 Ileati
463 3424 569 3478 inundo
593 3424 692 3491 corde,
725 3423 858 3496 qttoniaut
883 3422 939 3497 ipsi
961 3423 1056 3478 llettm
1081 3423 1223 3479 videbunt.
1248 3426 1347 3498 Super

356 3533 417 3585 quo
449 3510 648 3582 Augustinus:
687 3512 792 3577 Quam,
826 3509 933 3583 inquit,
965 3510 1048 3565 stulti
1078 3522 1143 3565 sunt
1175 3511 1224 3585 qui
1250 3512 1345 3568 Deum

356 3599 418 3653 istis
442 3599 533 3653 oculis·
555 3597 752 3652 exterioribus
768 3607 901 3670 quertmt,
918 3615 982 3652 cum
999 3598 1088 3653 corde
1104 3599 1244 3654 inundato
1268 3599 1347 3654 vide·

356 3698 434 3751 attat,
458 3686 529 3740 sicut
553 3684 623 3739 alibi
653 3685 793 3759 scriptum
818 3694 875 3739 est:
908 3684 946 3738 Et
980 3684 1007 3739 itt
1040 3685 1225 3760 sitttplicitate
1248 3686 1347 3742 cordis

356 3773 466 3847 qtterite
498 3772 595 3837 illrum
627 3773 681 3827 ltoc
703 3782 744 3826 est
777 3789 829 3826 cor
861 3772 1000 3826 mtmdum
1033 3782 1060 3828 et
1091 3773 1127 3827 ab
1158 3772 1238 3828 omni
1258 3774 1389 3838 sorde35

410 4021 428 4052 2.
445 4008 473 4052 tte
489 4021 514 4051 re
528 4009 599 4052 deest.
681 4009 702 4050 ti.
718 4010 751 4051 A:
767 4009 845 4059 uttt'et,·
859 4009 875 4050 ll
890 4009 1002 4051 correxit:
1024 4008 1116 4057 veniet:
1133 4007 1165 4051 ib.
1184 4008 1244 4052 Ain
1259 4021 1346 4065 marg:

356 4061 483 4105 dultatmer.
572 4062 592 4101 tt.
610 4061 638 4104 tt:
659 4073 709 4103 eum
725 4060 812 4105 ducem.
895 4073 926 4103 to.
942 4063 976 4105 A:
995 4061 1038 4116 qui
1048 4060 1117 4111 sicud·
1132 4060 1164 4104 ib.
1179 4061 1213 4105 A:
1227 4062 1262 4105 ric
1275 4064 1347 4105 deest.
1360 4076 1365 4085 ·

360 4129 374 4158 u
412 4128 443 4157 22.
459 4117 491 4158 A:
507 4113 559 4156 tium
578 4137 599 4145 -
614 4114 709 4157 luxtuu'a
724 4115 795 4156 deest.
863 4111 896 4156 23.
912 4115 946 4157 A:
960 4113 1065 4156 scierunt.
1133 4110 1167 4156 32.
1183 4114 1242 4158 Ain
1258 4126 1347 4168 marga

358 4136 507 4223 ,ἥψω-Ιίνιιις.

415 4291 451 4324 re.
472 4274 560 4323 ltuttb.
580 4275 611 4333 V,
638 4277 660 4326 3.
753 4273 791 4323 td.
811 4273 901 4323 Matth.
921 4273 951 4335 V,
974 4289 1001 4336 4.
1091 4288 1132 4323 22.
1156 4273 1247 4324 Matth.
1268 4275 1300 4337 V,
1322 4274 1347 4325 6.

360 4346 399 4394 πῇ.
420 4345 509 4394 ltuttlr.
530 4347 559 4399 Υ,
580 4361 603 4408 7.
694 4346 735 4395 31·
756 4345 845 4392 llutth.
866 4346 897 4404 Υ,
915 4343 941 4393 tt.
1031 4344 1072 4394 32.
1091 4347 1158 4410 Aug.
1172 4344 1189 4394 1.
1202 4361 1234 4407 c.‚
1253 4362 1278 4410 p.
1292 4345 1347 4412 167.

359 4419 400 4476 [id.
419 4419 478 4479 Sap.
500 4418 516 4467 Ι,
541 4432 560 4463 t.
