3082 5138
104 512 173 560 cur.
188 500 260 587 cm]
457 516 618 569 sueonos
638 515 734 568 unus.

99 680 257 735 secundum
281 680 388 752 Deum,
412 680 448 736 de
470 698 594 756 quorum
619 690 719 736 uentre
740 690 847 735 exeunt
862 677 989 755 flumina
1017 696 1091 753 aque

100 766 173 823 uiue.
198 767 361 823 Ecclesiam
397 785 470 844 ergo
503 786 589 843 quam
617 762 753 824 Christus
787 766 833 821 uir
855 767 971 841 sapiens
998 784 1089 841 supra

97 865 213 928 petram
246 854 400 930 edificavit,
440 871 530 928 neque
553 853 655 930 pluuia
683 853 833 909 mendacis
860 852 991 909 doctrine
1022 870 1089 908 cor-

101 941 210 1016 rumpit
248 959 337 1017 neque
369 941 501 997 diabolus
533 941 654 1016 impellit
693 957 782 1016 neque
811 939 1003 996 uiolentorum
1027 939 1089 1015 stu-

76 1026 208 1087 §minum
247 1028 370 1103 impetus
407 1039 511 1085 mouet.
551 1028 627 1082 Nam
656 1038 684 1083 et
711 1027 739 1083 si
764 1026 936 1083 humiliatur
968 1026 1088 1083 ecclesia

96 1126 223 1190 propter
238 1116 437 1182 tentacionem,
459 1126 554 1171 tamen
567 1114 668 1190 perire
685 1131 741 1170 non
754 1124 851 1189 potest
861 1126 987 1190 propter
992 1113 1087 1190 fidem

105 1201 223 1257 Christi.
262 1202 324 1258 Nec
352 1213 394 1258 est
422 1203 604 1258 contrarium
643 1201 720 1277 quod
747 1200 864 1277 quidam
897 1202 934 1257 de
967 1199 1087 1257 ecclesia

101 1289 216 1343 cadunt.
241 1289 291 1344 Illi
311 1289 385 1345 enim
410 1308 554 1365 nunquam
579 1288 733 1345 christiani
746 1289 884 1363 suerunt.
909 1287 989 1344 Sicut
1012 1287 1087 1345 enim

101 1394 156 1431 non
180 1393 279 1432 omnes
306 1370 441 1452 quisunt
469 1393 508 1432 ex
535 1377 630 1432 Israel
652 1374 694 1430 hii
715 1387 781 1431 sunt
803 1375 945 1447 Israelite,
968 1375 1009 1431 sic
1033 1392 1089 1431 nou

62 1471 200 1519 ¹0omnes
223 1463 273 1537 qui
294 1463 449 1520 christiani
470 1463 606 1520 dicuntur
634 1474 661 1519 et
693 1461 806 1518 Christi
830 1473 905 1518 sunt.
947 1459 1089 1520 Christia-

101 1567 205 1605 norum
239 1549 313 1606 enim
342 1567 431 1625 opera
459 1561 525 1606 sunt
552 1549 730 1626 aspicienda,
759 1567 814 1605 non
847 1549 971 1616 nomina.
1010 1549 1090 1605 Dicit

100 1635 175 1692 enim
198 1637 373 1712 Apostolus:
401 1637 545 1715 Cognovit
558 1636 703 1693 Dominus
726 1636 862 1712 quisunt
885 1636 945 1693 eius
968 1646 1010 1692 et:
1036 1634 1090 1690 Di·

100 1724 200 1780 scedat
238 1724 273 1779 ab
301 1724 449 1800 iniquitate
477 1725 569 1781 omnis
596 1723 645 1799 qui
681 1723 795 1780 inuocat
832 1741 933 1780 nomeu
961 1723 1089 1779 Domini.

99 1810 186 1888 Ergo
224 1811 274 1886 qui
310 1811 432 1868 discedit
458 1812 494 1867 ab
532 1811 682 1888 iniquitate
720 1810 770 1866 ille
806 1821 848 1867 est
883 1810 1002 1881 Christi,
1042 1809 1092 1885 qui

61 1908 157 1959 15non
197 1915 286 1954 vacue
323 1897 473 1954 nominant
510 1916 612 1954 nomen
648 1897 772 1965 Christi,·
809 1897 859 1972 qui
895 1914 964 1952 uero
1002 1914 1091 1953 uacue

102 1984 250 2041 nominant
273 2003 375 2041 nomen
402 1984 514 2041 Christi
535 1984 580 2040 illi
601 1985 675 2041 tales
697 2002 748 2040 uec
771 2002 862 2059 supra
883 1995 999 2059 petram
1014 1983 1093 2060 fidei

1125 1034 1176 1078 The
1191 1035 1279 1079 church

1133 1095 1218 1131 cannot
1233 1090 1272 1131 fnit

1135 1141 1223 1196 though
1239 1142 1267 1184 its

1108 1202 1299 1302 mehibpehrsehiay.

101 2082 186 2127 erant
223 2071 360 2148 edificati,
409 2072 484 2129 sicut
528 2071 652 2147 inferius
697 2072 889 2132 ostendemus.
939 2070 1114 2128 Aduersus·

102 2159 220 2215 domum
265 2169 362 2215 autem
407 2177 492 2234 quam
539 2159 726 2236 edficauerat
769 2159 875 2214 stultus
912 2158 968 2213 sibi
1002 2176 1092 2233 super

101 2263 233 2316 arenam,
263 2246 294 2300 id
316 2256 368 2317 est,
401 2247 543 2303 aduersus
571 2245 696 2324 gentiles
727 2256 755 2301 et
778 2262 876 2300 omnes
904 2243 1007 2320 impios
1044 2245 1093 2321 qui

58 2340 168 2388 ²⁰sunt
191 2332 301 2389 diaboli
316 2334 429 2402 domus,
453 2333 599 2390 descendit
611 2333 724 2408 pluuia,
747 2332 778 2387 id
802 2343 854 2404 est,
878 2332 1009 2387 ueritatis
1026 2331 1091 2388 doc-

102 2418 180 2474 trina
201 2437 258 2494 per
278 2420 468 2496 propheticas
491 2432 517 2476 et
541 2419 716 2496 apostolicas
748 2420 843 2475 nubes.
868 2417 1091 2476 Descendertmt

104 2505 189 2579 uenti,
213 2504 244 2561 id
265 2518 318 2578 est,
341 2508 446 2584 gracie
468 2507 636 2583 spirituales
659 2517 709 2563 aut
731 2506 832 2584 angeli
846 2506 895 2580 qui
909 2504 1092 2561 invisibiliter

103 2603 257 2668 operantes
280 2594 409 2650 homines
431 2596 471 2651 ad
485 2594 580 2672 fidem
606 2593 737 2650 ueritatis
760 2593 907 2650 inclinant.
949 2593 1092 2648 Venerunt

95 2679 233 2756 flumina,
261 2681 292 2735 id
314 2692 366 2754 est,
404 2693 530 2757 quatuor
552 2680 743 2759 Euangeliste
764 2691 814 2736 aut
837 2679 927 2736 ceteri
948 2679 1092 2754 sapientes

59 2777 131 2829 25et
162 2767 347 2845 impegerunt
379 2768 407 2824 in
440 2769 557 2826 domum
587 2768 679 2824 illam.
717 2767 758 2823 Et
791 2767 832 2823 sic
864 2767 966 2823 cecidit
988 2767 1092 2823 domus

104 2853 214 2910 diaboli
226 2855 426 2930 spiritualibus
435 2855 633 2912 instrumentis
648 2865 675 2911 et
691 2865 787 2910 erecta
798 2865 840 2910 est
855 2855 959 2910 domus
973 2852 1091 2910 Christi.

103 2940 144 2996 Et
167 2959 202 2997 ne
224 2941 342 2998 mireris
364 2942 431 3018 quio
454 2955 556 3021 gentes
589 2942 731 2998 uenientes
762 2941 802 2997 ad
828 2942 919 3017 pedes
951 2940 1092 2997 decidisse

105 3027 249 3084 dicuntur.
293 3027 465 3086 Ceciderunt
492 3031 566 3086 enim
596 3029 711 3084 diabolo
738 3039 768 3083 ut
799 3039 936 3103 superent
963 3025 1090 3086 Christo.

102 3115 184 3171 Jacet
207 3115 280 3171 enim
305 3116 509 3184 omnishomo,
532 3116 670 3193 quamdiu
687 3116 816 3171 ambulat
839 3116 866 3170 in
889 3115 1025 3193 peccatiS,
1041 3115 1093 3170 sed

60 3199 94 3248 3⁰
105 3202 221 3259 diabolo
244 3215 311 3270 stat,
339 3204 456 3260 Christo
480 3216 575 3260 autem
600 3203 681 3261 iacet.
716 3199 790 3260 Cum
815 3213 910 3258 autem
935 3220 1093 3258 conuersus

95 3290 194 3365 suerit
216 3291 257 3346 ad
279 3291 432 3361 iusticiam,
461 3291 577 3347 diabolo
601 3290 713 3366 quidem
738 3290 825 3361 cadit,
853 3288 972 3346 Christo
995 3301 1091 3345 autem

103 3377 210 3455 surgit.
228 3377 305 3433 Dicit
321 3378 395 3433 enirn
406 3378 550 3454 propheta
568 3378 774 3435 dehominibus
790 3377 945 3432 liberatisa
960 3377 1093 3431 Christo:

45 3479 49 3483 ’
103 3464 240 3520 Ascendit
263 3465 291 3520 in
316 3465 417 3534 altum,
442 3467 585 3541 captiuam
610 3465 697 3520 duxit
720 3464 926 3539 captiuitatem.

149 3551 230 3620 item,
254 3551 398 3608 Dominus
415 3552 552 3627 quamdiu
569 3551 665 3626 sortis
688 3562 820 3607 armatus
836 3551 960 3607 custodit
975 3551 1091 3628 ¹atrium

60 3648 199 3708 35suum‚
222 3639 250 3695 in
274 3650 334 3695 tuto
361 3651 426 3696 sunt
443 3640 537 3695 omnia
555 3640 623 3708 eius,
647 3658 711 3695 cum
728 3649 823 3693 autem
842 3638 951 3693 uenerit
960 3639 1093 3712 sorcior,

106 3725 222 3801 diripiet
261 3746 330 3782 uasa
363 3728 433 3798 eius,
464 3727 573 3783 scilicet
607 3726 719 3802 impios,
755 3743 794 3780 en·
825 3726 926 3800 quibus
960 3725 1092 3802 edificata

97 3813 206 3889 suerat
238 3814 348 3871 diaboli
383 3815 496 3870 domus.
536 3814 584 3870 Sic
617 3832 690 3890 ergo
722 3813 878 3869 secundum
901 3813 1091 3887 propheciam

105 3899 213 3975 captiui
235 3901 380 3970 dicuntur,
404 3913 541 3976 attentum
566 3901 605 3956 ad
628 3900 785 3970 diabolum,
806 3900 855 3974 qui
875 3899 916 3954 ad
930 3900 1092 3955 libertatem

96 3987 175 4064 fidei
196 3999 262 4044 sunt
285 3989 428 4061 conuersi,
453 3989 558 4044 directi
590 3988 727 4043 dicuntur
749 3987 905 4043 secundum
932 3986 1092 4056 Christum,

158 4207 364 4261 9.A:r'nlcrael.
419 4208 532 4252 milret
546 4209 618 4251 deest.
672 4204 951 4250 35.B:Domumsuam.
1006 4203 1091 4248 hun:

105 4260 202 4313 diripit;
218 4261 248 4304 ib.
264 4262 298 4303 A:
314 4261 397 4314 impios
411 4261 482 4303 deest.
538 4260 561 4315 37
578 4262 611 4304 B:
619 4261 708 4316 suerit.
763 4257 798 4311 39.
814 4257 843 4300 B:
859 4261 882 4319 et
895 4258 986 4301 directi.

161 4369 378 4430 rn.ll.Tim.ll,
402 4384 440 4435 to.
512 4368 841 4433 33.t>satm.1„xvlt,19.
901 4366 1093 4429 34.l„uceeXl,

106 4452 210 4500 πω.

956 4525 988 4574 30
