3082 5138
171 462 231 517 zet-
692 471 784 519 oecs
800 471 1054 519 cenomanen
1221 455 1372 538 [ene-m

189 648 358 699 danismam:
430 633 634 688 Criuostomus
663 646 762 686 autem
794 651 884 703 super
908 630 966 685 isto
989 645 1070 685 tenu
1094 633 1136 686 sic
1161 634 1312 705 loquitur:
1342 636 1372 688 In

179 700 362 794 Jss‘ffffft
382 722 483 796 prima
498 721 611 794 quidem
625 720 710 792 jacie
734 720 868 773 ridentur
892 719 979 773 rerba
1002 737 1118 785 sonare,
1141 732 1172 773 ut
1192 721 1244 793 qui
1258 722 1373 775 dicunt.-

172 798 376 898 &zlffiiwc
388 808 494 863 Panem
519 818 649 861 nannum
677 807 852 860 cotidianum
882 806 920 858 da
952 806 1031 859 nobis
1060 807 1156 866 hrodie.
1188 826 1245 860 nrm
1269 809 1373 862 hahent

180 921 222 962 aas
241 908 362 1002 ”coquum
386 896 588 950 incrastinum
603 905 806 968 preparatum.
823 904 853 946 ut
861 893 974 966 possint
990 893 1103 948 dicere:
1113 893 1223 949 Panem
1240 907 1372 949 nostrum

239 974 267 1002 ‘rt
282 970 289 999 t
307 978 319 1002 c

232 1021 314 1056 mm,
387 983 561 1038 cotidianum
586 983 624 1036 da
647 981 737 1048 nobis,
761 981 811 1054 qui
831 992 927 1034 autem
952 980 981 1034 in
1001 981 1162 1035 crastinum
1176 984 1397 1056 preparatum}

388 1070 473 1125 habet
494 1081 545 1123 aut
567 1070 596 1124 in
617 1069 741 1143 quinque
763 1079 812 1121 aut
837 1067 865 1121 in
888 1068 986 1121 decem
1011 1068 1082 1129 dies.
1111 1070 1256 1141 quomodo
1276 1081 1374 1144 potest

388 1157 500 1212 dicere:
523 1157 630 1212 Panem
654 1174 748 1210 meum
772 1155 947 1210 cotidianum
972 1155 1010 1208 da
1038 1156 1128 1209 michi
1153 1156 1264 1211 hodie?
1295 1157 1375 1211 Illud

387 1244 463 1299 enirn
483 1244 594 1318 petitur
615 1243 695 1319 quod
716 1241 832 1297 interim
857 1260 913 1296 non
936 1242 1077 1309 habetur;
1099 1244 1178 1315 quod
1200 1255 1297 1299 autem
1313 1245 1372 1299 iam

385 1331 563 1406 possidetur,
591 1341 621 1384 ut
644 1330 713 1404 quid
734 1330 831 1384 adhuc
855 1328 1039 1403 requiritur?
1073 1330 1162 1397 Quod
1189 1331 1217 1385 si
1237 1343 1282 1386 est
1304 1331 1373 1387 talis

388 1418 498 1486 oracio,
529 1418 584 1472 ista
607 1430 657 1471 aut
676 1417 781 1492 paucis
805 1428 901 1491 potest
928 1417 1083 1472 convenire
1109 1429 1160 1471 aut
1183 1419 1265 1473 nulli.
1300 1419 1373 1486 Quis
1386 1437 1416 1468 ιο

387 1506 461 1560 enirn
494 1506 533 1558 ita
555 1505 658 1580 fidelis
689 1516 720 1558 ut
751 1522 815 1558 curn
842 1504 935 1578 possit
965 1504 1093 1578 amplius
1124 1505 1243 1566 habere.
1274 1518 1372 1562 tamen

387 1593 514 1666 amplius
535 1593 590 1646 sibi
612 1611 667 1646 non
691 1604 790 1647 seruat
814 1591 871 1645 nisi
884 1591 1060 1646 cotidianum
1078 1591 1209 1646 rictum?
1231 1593 1371 1648 Forsitan

386 1680 457 1735 solis
479 1680 663 1734 conueniebat
686 1679 828 1753 apostolis
842 1679 892 1752 qui
907 1679 1032 1733 docendi
1043 1679 1149 1755 gracia
1164 1679 1372 1757 persingulas

386 1767 516 1822 ciuitates
538 1767 617 1820 omni
630 1778 763 1840 tempore
779 1766 967 1841 vagabantur
981 1778 1009 1821 et
1025 1767 1088 1840 ipsa
1106 1767 1229 1842 vagacio
1245 1769 1371 1842 amplius

386 1855 530 1910 cotidiano
555 1855 630 1909 uictu
654 1873 709 1907 non
730 1865 848 1927 poterat
867 1853 1032 1928 possidere.
1385 1858 1412 1905 ι’)

198 1951 242 1995 we
257 1954 340 1996 moult
431 1943 490 1997 Sed
517 1943 556 1997 ita
586 1942 720 1997 debemus
747 1954 852 2015 aptare
882 1941 995 1996 Christi
1022 1942 1185 1995 doctrinam
1214 1954 1244 1995 ut
1272 1960 1370 1997 omnes

172 2007 415 2101 m922⁸{‘,{*‡³}ff:„in
438 2047 470 2084 ea
493 2030 657 2105 proficiant,
681 2047 716 2082 ne
729 2030 817 2102 sorte
839 2029 1000 2083 communis
1022 2029 1134 2082 iusticie
1157 2029 1370 2102 medicinaque

191 2104 363 2207 ξξζὲῶἑῐὲῗ
386 2117 427 2170 ad
448 2117 569 2170 salutem
593 2117 718 2169 omnium
743 2128 785 2170 est
804 2128 980 2189 preparata,
1009 2117 1078 2169 dum
1109 2128 1159 2169 aut
1187 2116 1290 2189 paucis
1319 2128 1369 2170 aut

242 2213 304 2257 (iot,
388 2203 462 2258 nulii
481 2204 612 2277 prodest,
635 2204 801 2257 inueniatur
822 2221 884 2258 esse
907 2203 1074 2279 superflua;
1096 2204 1137 2257 ita
1154 2202 1249 2278 igitur
1264 2203 1368 2258 inteili-

386 2291 515 2367 gendum
539 2302 581 2345 est
603 2291 681 2363 quod
696 2309 751 2345 non
767 2291 861 2344 solum
878 2291 942 2345 ideo
958 2308 1095 2345 oramus:
1112 2290 1219 2344 Panem
1236 2301 1367 2345 nostrum
1380 2308 1412 2339 ιο

388 2378 427 2431 da
455 2377 545 2444 nobis,
577 2389 606 2431 ut
635 2378 792 2432 habeamus
817 2378 896 2452 quod
918 2379 1135 2442 manducemus,
1165 2378 1218 2431 sed
1241 2389 1270 2430 ut
1293 2379 1369 2451 quod

388 2465 598 2518 manducamus
625 2465 662 2518 de
688 2484 775 2519 manu
799 2465 858 2519 Dei
877 2465 1065 2538 accipiamus,
1100 2465 1176 2518 Nam
1201 2465 1307 2519 habere
1329 2466 1369 2519 ad

388 2551 620 2605 manducandum
653 2570 804 2607 commune
834 2563 877 2607 est
908 2552 986 2607 inter
1016 2553 1107 2606 iustos
1135 2564 1161 2606 et
1187 2564 1364 2625 peccatores.

387 2638 568 2712 Frequenter
593 2651 688 2694 autem
714 2650 885 2713 peccatores
912 2640 1131 2694 habundancius
1156 2639 1261 2693 liabent
1282 2658 1366 2713 quam

387 2726 461 2780 iusti.
486 2726 533 2781 tn
555 2745 641 2780 manu
664 2736 760 2780 autent
785 2726 842 2780 Dei
863 2727 997 2801 accipere
1015 2745 1122 2801 panem
1146 2745 1202 2781 non
1225 2738 1267 2781 est
1290 2745 1365 2781 com·
1378 2728 1408 2777 25

387 2831 471 2867 mune
493 2813 545 2867 sed
564 2824 676 2867 tantum
696 2825 881 2881 sanctorun1;
901 2832 1071 2888 preparare
1086 2826 1183 2868 autem
1200 2832 1255 2868 non
1271 2824 1366 2869 vetant

387 2901 438 2955 hec
470 2900 568 2967 verba,
602 2912 698 2955 tamen
726 2919 789 2955 cum
815 2912 937 2975 peccato
962 2919 1131 2976 preparare
1158 2912 1269 2966 vetant;
1300 2920 1365 2955 nam

385 2987 435 3060 qui
461 3005 524 3041 cum
552 2987 664 3042 iusticia
687 2999 842 3062 preparat,
873 2988 918 3043 itti
948 2989 1030 3043 Deus
1063 2990 1114 3042 dat
1144 3007 1251 3062 panem
1282 3007 1364 3063 quem

387 3074 557 3140 manducat;
580 3075 628 3148 qui
649 3085 745 3129 autem
769 3094 832 3130 cum
853 3087 984 3150 peccato,
1009 3095 1064 3131 non
1088 3075 1134 3130 itti
1154 3076 1205 3129 dat
1221 3076 1301 3130 Deus
1315 3076 1366 3130 sed

387 3160 526 3215 diabolus,
561 3162 637 3216 Nam
661 3163 756 3216 omnia
778 3163 893 3237 quidem
918 3182 935 3218 a
960 3163 1024 3218 Deo
1048 3164 1168 3231 dantur,
1192 3181 1247 3217 non
1271 3164 1409 3217 tamen3o

386 3247 481 3302 omnia
508 3267 525 3302 a
551 3248 613 3303 Deo
644 3250 910 3316 subministrantur,
943 3251 988 3306 vet
1019 3251 1059 3305 ita
1092 3262 1123 3305 ut
1155 3251 1223 3305 dum
1257 3269 1274 3304 a
1303 3250 1366 3305 Deo

387 3334 484 3404 datur,
507 3335 702 3411 sanctificatus
724 3337 902 3412 accipiatur;
928 3349 955 3393 et
979 3337 1043 3392 ideo
1067 3357 1122 3392 non
1147 3338 1238 3392 dixit:
1260 3337 1365 3392 Panem

386 3421 561 3476 cotidianum
591 3423 627 3477 da
652 3424 741 3493 nobis,
769 3425 821 3479 sed
844 3425 959 3479 addidit
982 3436 1125 3491 nostrum,
1153 3425 1184 3478 id
1205 3437 1256 3494 est,
1284 3442 1364 3498 quem

386 3509 523 3564 habemus
543 3521 683 3584 paratum
706 3512 786 3586 apud
808 3530 867 3567 nos.
907 3513 992 3567 Ildum
1020 3513 1057 3567 da
1082 3511 1172 3583 nobis,
1204 3523 1234 3566 ut
1258 3512 1325 3589 dum
1348 3530 1365 3564 a

385 3606 414 3650 te
437 3595 534 3664 datur,
557 3597 763 3672 sanctificetur,
787 3609 818 3652 ut
837 3611 920 3673 puta,
944 3600 970 3654 si
992 3600 1085 3655 laicus
1101 3601 1206 3673 offerat
1221 3598 1406 3654 sacerdoti35

382 3700 499 3756 panem,
532 3695 562 3737 ut
589 3686 727 3739 sacerdos
753 3685 897 3760 accipiens
925 3688 1084 3763 sanctificet
1111 3698 1137 3742 et
1163 3686 1304 3763 porrigat
1330 3685 1362 3740 ei.

391 3768 477 3836 Quod
505 3770 579 3825 enim
607 3772 693 3845 panis
721 3784 763 3828 est
791 3774 936 3847 offerentis
960 3786 1012 3843 est,
1045 3775 1122 3850 quod
1144 3784 1238 3828 autem
1262 3773 1365 3828 sancti-

378 3856 502 3931 ficatum
528 3868 569 3912 est
593 3859 758 3935 beneficium
783 3871 824 3915 est
847 3863 1018 3917 sacerdotis.
1044 3862 1193 3938 Numquid
1213 3879 1267 3915 non
1283 3859 1364 3936 suffi-

386 3955 463 3999 ceret
494 3944 535 4000 sic
568 3944 679 4002 dicere:
707 3947 814 4003 Panem
845 3960 974 4004 nostrum
1008 3951 1046 4004 da
1079 3949 1158 4004 nobis
1190 3947 1297 4004 hodie?
1330 3946 1366 4000 Ut

386 4242 454 4337 marg
471 4232 490 4274 Α
487 4231 633 4326 &affinga
649 4232 812 4277 Crisostomus.
893 4246 921 4277 12.
937 4237 971 4278 A:
986 4237 1087 4291 amptius
1101 4236 1183 4292 igitur.
1259 4233 1293 4277 30.
1308 4237 1328 4278 Α
1343 4234 1364 4276 in

442 4426 460 4458 1.
479 4409 531 4474 Op.
550 4409 623 4476 Imp„
641 4427 666 4476 p.
684 4410 743 4461 811.
