3082 5138
660 505 750 555 orus
769 504 1021 557 Et'ANGEttcust
1149 493 1227 576 [aar
1251 502 1335 545 urm.

345 665 394 739 qui
416 666 561 742 edificavit
586 666 704 721 domum
737 686 820 722 suam
848 684 940 740 supra
966 682 1101 743 petram:
1134 683 1162 727 et
1186 668 1337 724 descendit

342 753 445 829 pluria
462 766 490 809 et
506 766 647 809 uenerunt
661 754 789 831 flumina
814 766 841 810 et
856 754 1011 831 flaverunt
1034 761 1111 815 renti
1137 771 1165 815 et
1180 759 1337 812 irruerunt

346 839 374 895 in
399 842 517 896 domum
542 841 624 896 illam
648 854 676 897 et
692 861 748 898 non
765 842 884 899 cecidit:
898 843 1031 916 fundata
1054 848 1128 903 enim
1152 856 1218 902 erat
1240 861 1336 919 supra

342 927 461 999 firmam
488 940 616 1005 petram.
655 929 696 984 Et
719 931 814 987 omnis
844 929 895 1004 qui
916 948 953 984 au
974 926 979 1010 Ι
1000 934 1042 988 dit
1065 935 1155 990 rerba
1188 950 1254 987 mea
1280 932 1336 985 hec
1364 929 1426 993 4⁰3⁸

344 1026 371 1070 et
403 1034 459 1071 non
483 1017 564 1091 jacit
595 1036 630 1073 ea
662 1018 768 1075 similis
801 1017 858 1074 erit
892 1015 956 1072 viro
987 1021 1076 1077 stulto
1106 1022 1158 1098 qni
1184 1017 1363 1096 edificariti

344 1103 461 1158 domurn
493 1123 577 1160 suam
615 1123 708 1181 supra
747 1124 887 1163 arenam:
924 1117 952 1160 et
990 1109 1136 1166 descendit
1170 1107 1275 1184 pluria
1308 1116 1338 1160 et

345 1202 484 1247 venerunt
513 1192 643 1269 flumina
682 1206 709 1250 et
740 1195 895 1272 flaverunt
934 1197 1011 1251 venti
1046 1209 1073 1254 et
1110 1197 1265 1251 irruerunt
1306 1193 1336 1247 in

253 1358 256 1364 .
345 1279 462 1334 domum
487 1280 567 1335 illam
592 1292 619 1336 et
642 1283 746 1338 cecidit
769 1295 797 1339 et
813 1281 878 1357 suit
902 1281 986 1338 ruina
1009 1286 1068 1341 eius
1091 1303 1212 1362 magna.

140 1358 320 1453 iiiimxiiii
390 1368 487 1440 Super
512 1387 573 1442 quo
597 1370 801 1443 Augustinus:
826 1369 892 1425 Non
916 1371 989 1426 enim
1012 1373 1131 1448 quisque
1143 1371 1256 1448 firmat
1281 1385 1339 1442 que

142 1462 180 1556 urg
196 1463 320 1556 nict'wtio
343 1454 425 1509 airdit
450 1455 496 1509 vel
508 1457 636 1532 percipit
660 1459 717 1513 uisi
726 1458 879 1533 jaciendo.
904 1456 944 1512 Et
967 1459 994 1514 si
1010 1471 1098 1536 petra
1122 1470 1165 1515 est
1185 1456 1337 1523 Christus,
1352 1471 1384 1503 10

151 1523 306 1612 ςιῖζζῇᾚᾙέξ
343 1541 418 1597 sicut
442 1543 533 1598 multa
557 1545 777 1620 scripturorum
812 1545 973 1600 testimonia
1002 1547 1169 1623 predicant,
1197 1544 1250 1599 ille
1272 1542 1336 1596 edi·

334 1628 411 1704 ficat
435 1629 463 1684 in
491 1631 612 1687 Christo
635 1634 686 1706 qui
707 1635 785 1709 quod
807 1633 843 1688 ab
866 1631 917 1688 illo
939 1634 1021 1689 audit
1043 1645 1071 1690 et
1085 1634 1175 1708 jacit.
1202 1633 1337 1686 Descen-

344 1716 386 1771 dit
407 1714 520 1792 pluvia,
547 1733 688 1776 venerunt
704 1721 842 1798 flumina,
858 1719 1011 1796 flaverunt
1031 1722 1109 1776 uenti
1127 1731 1154 1776 et
1178 1720 1338 1773 irruerunt

343 1803 371 1859 in
396 1805 513 1861 domum
538 1807 621 1862 illam
644 1820 672 1863 et
697 1828 752 1864 non
776 1808 893 1876 cecidit;
907 1807 972 1882 suit
994 1808 1067 1865 enim
1083 1808 1217 1882 fundata
1240 1820 1339 1878 supra

342 1902 469 1966 petram.
503 1893 570 1950 Non
594 1895 690 1972 igitur
713 1897 767 1952 iste
790 1895 889 1952 metuit
917 1895 993 1951 ullas
1027 1896 1206 1973 caliginosas
1228 1909 1337 1967 super·
1353 1890 1382 1940 ¹5

343 1979 479 2035 sticiones
513 1981 598 2056 (quid
630 1984 705 2039 enim
738 1984 821 2039 alind
852 1983 1027 2059 intelligitur
1057 1983 1168 2059 pluvia,
1203 1999 1271 2035 cum
1307 1978 1337 2032 in

344 2066 417 2121 mali
466 2068 589 2123 alicuius
642 2071 860 2148 significacione
903 2071 1036 2147 ponitur)
1095 2080 1146 2125 atat
1195 2083 1339 2121 rumores

343 2154 491 2210 bominum
526 2173 599 2230 quos
633 2159 725 2214 ventis
757 2170 944 2235 comparatos
963 2169 1050 2233 puto:
1080 2168 1130 2212 aut
1160 2155 1220 2210 rite
1247 2153 1339 2207 liuius

335 2241 474 2318 flurium,
518 2245 690 2302 carnalibus
728 2245 970 2322 concupiscenciis
1007 2256 1153 2319 tamquam
1188 2240 1340 2318 fluentem

342 2348 434 2405 supra
464 2341 593 2406 petram.
633 2333 752 2390 Horum
785 2333 859 2389 enim
893 2333 981 2387 trium
1010 2332 1060 2407 qui
1078 2327 1340 2407 prosperitatibus
1354 2342 1388 2375 20

342 2415 503 2488 inducitur,
528 2420 761 2476 adversitatibus
777 2421 949 2497 frangitur,
983 2437 1107 2494 quorum
1131 2416 1205 2472 nibil
1234 2414 1342 2470 metuit

342 2504 392 2577 qui
407 2504 570 2577 fundatam
596 2507 682 2564 habet
706 2509 823 2563 domum
846 2507 954 2563 scilicet
975 2505 1148 2563 consciencie
1171 2521 1223 2559 sue
1246 2519 1344 2577 super

339 2602 468 2667 petram,
504 2592 536 2647 id
559 2605 612 2664 est,
647 2596 697 2671 qui
727 2614 782 2651 non
814 2595 907 2651 solum
937 2594 1018 2649 audit
1047 2603 1190 2670 precepta
1216 2589 1345 2645 Domini

340 2679 393 2734 sed
416 2679 506 2735 eciam
524 2681 616 2755 jacit.
641 2683 708 2739 Non
725 2683 799 2739 enim
823 2682 907 2737 habet
922 2681 1025 2738 stabile
1039 2680 1288 2755 fundamentum,
1313 2675 1343 2730 si

342 2766 489 2821 audiendo
528 2780 556 2823 et
592 2788 649 2826 non
679 2770 823 2846 sariendo
861 2770 976 2824 ruinam
1015 2768 1139 2844 edificat.
1180 2766 1228 2820 Ait
1270 2763 1390 2819 con-25

343 2865 513 2928 sequenter:
541 2854 646 2913 Omnis
669 2858 720 2933 qui
733 2858 816 2913 audit
833 2858 920 2913 verba
938 2874 1000 2912 mea
1017 2866 1044 2911 et
1060 2873 1115 2911 non
1130 2853 1213 2929 jacit
1229 2869 1265 2906 ea
1284 2862 1342 2906 etc.

344 2943 408 2997 Hcc
432 2941 632 3016 Augustinus.

146 3041 194 3082 cnr
212 3049 314 3102 sosium:
388 3028 597 3087 Crisostomus
622 3046 725 3088 autem
750 3049 839 3106 super
864 3030 922 3087 isto
945 3042 1025 3086 textu
1049 3028 1092 3084 sic
1116 3025 1272 3101 loquitur:
1299 3025 1344 3079 Et

158 3093 306 3199 „lulflljsss
338 3116 517 3190 frequenter
549 3119 700 3174 miramur
734 3120 799 3194 quia
838 3119 969 3174 homines
1005 3126 1056 3170 aut
1090 3113 1348 3191 promissionibus

139 3199 227 3292 suffit
233 3199 312 3293 31¹¹}st
336 3202 417 3279 flexi
448 3216 498 3260 aut
531 3207 701 3262 terroribus
725 3207 825 3280 fracti
845 3216 895 3260 aut
915 3202 1153 3281 persuasionibus
1178 3201 1346 3275 salsorum
1360 3202 1396 3250 30

315 3283 320 3294 ’
345 3290 498 3346 doctorum
534 3293 728 3349 circumuenti
759 3293 922 3367 relinquunt
946 3291 1024 3367 fidei
1055 3289 1207 3344 veritatem
1242 3299 1272 3344 et
1304 3288 1349 3342 ad

344 3378 527 3433 mendacium
553 3380 736 3456 infidelitatis
759 3380 985 3457 transmigrant.
1030 3376 1117 3442 Quod
1140 3386 1220 3431 certe
1244 3375 1272 3430 si
1298 3374 1350 3430 vel

343 3464 418 3520 lianc
451 3484 539 3521 unam
569 3467 684 3523 Christi
716 3466 890 3523 sentenciam
924 3476 1008 3521 caute
1041 3463 1280 3540 intelligeremus
1316 3472 1347 3517 et

345 3552 591 3625 recordaremur,
627 3572 772 3629 nunquam
805 3554 840 3609 de
864 3553 1035 3629 perdicione
1057 3551 1160 3606 talium
1186 3549 1348 3604 bominum

341 3649 538 3714 stuperemus.
585 3642 741 3709 Quomodo
765 3641 839 3697 enim
866 3650 1039 3717 permaneat
1064 3638 1144 3714 apud
1168 3636 1269 3692 Deum
1296 3635 1397 3709 quis}

343 3745 489 3802 nunquam
524 3728 606 3785 stetit
639 3729 667 3783 in
695 3728 837 3783 Christo?
874 3728 932 3782 Aut
958 3726 1104 3802 quomodo
1133 3734 1232 3780 teneat
1257 3722 1349 3777 illum

344 3816 453 3870 ueritas
489 3816 543 3891 qui
576 3834 722 3890 nunquam
755 3814 845 3870 tenuit
879 3813 1055 3870 ueritatem?
1100 3812 1156 3866 Aut
1191 3810 1351 3886 quomodo

342 3913 440 3957 servet
473 3920 539 3957 eum
566 3903 681 3958 iusticia
714 3903 764 3977 qui
795 3901 939 3958 iusticiam
965 3919 1021 3956 non
1044 3898 1200 3956 serravit?
1239 3897 1352 3953 Omnis

394 4167 420 4203 u.
437 4167 465 4198 ta.
482 4155 512 4198 tt:
536 4156 582 4198 iste
595 4153 709 4208 edificent.
766 4151 795 4205 13,
812 4166 843 4204 ¹t·
859 4152 889 4194 B:
904 4157 929 4195 et
941 4152 1093 4209 infenderunt
1112 4153 1137 4194 r'n
1153 4150 1248 4194 domurn
1271 4151 1352 4194 ittam.

343 4207 608 4255 17.Codd.:nisiaut.
668 4203 811 4256 24.A:scd
823 4209 846 4247 et
853 4202 926 4262 sacit.
1026 4202 1353 4257 28.Ai11marg.:Crrso-

340 4263 434 4302 stamus.
517 4258 550 4303 35.
573 4258 603 4302 B:
619 4261 683 4313 apud
699 4257 823 4301 Clrrr'stum.

391 4383 415 4432 t).
436 4368 474 4417 De
493 4382 621 4417 sermone
636 4367 741 4415 Domini
763 4366 788 4413 in
810 4375 899 4413 monte
919 4364 936 4412 l.
956 4380 978 4412 c.
998 4381 1023 4429 p.
1045 4363 1103 4414 236.
1180 4379 1218 4413 ιι.
1240 4363 1258 4411 l.
1282 4364 1352 4412 Cor.

340 4435 370 4496 X,
389 4451 413 4498 4.
487 4434 528 4486 25.
549 4435 642 4485 Motth.
664 4437 718 4498 Vll,
739 4433 780 4484 26.
854 4439 895 4481 κδ.
915 4434 967 4498 Op.
987 4435 1052 4499 lmp.
1072 4434 1089 4482 1.
1109 4449 1131 4482 c.
1151 4449 1175 4497 p.
1195 4432 1259 4483 832.
