3082 5138
167 461 235 504 cao.
250 447 315 530 tv]
528 466 687 516 secunus
708 468 802 516 rans.
1315 458 1371 525 451

209 628 335 700 Propter
358 624 431 682 talia
463 624 710 682 inconveniencia
734 646 792 701 que
817 626 956 683 videntur
989 646 1097 684 sonare
1123 627 1153 683 in
1176 620 1232 716 ἂὲὲ
1248 622 1365 718 pasl&

165 712 218 769 Dei
243 712 464 787 blasphemiam
501 712 630 769 dicimus
653 733 709 770 nos
733 733 802 770 cum
820 713 954 788 antiquis
971 716 1053 788 quod
1072 716 1153 770 Deus
1164 727 1246 769 ordarn
1270 728 1304 769 sin
1326 729 1375 789 ,and

165 819 226 856 non
248 801 312 857 vult
335 813 495 874 peccatum
529 818 584 857 nec
617 801 777 858 necessitat
810 804 848 858 ad
881 804 1081 874 peccandum,
1125 814 1153 856 et
1178 780 1362 879 ¹''p'3¹,¹.¹1¹,¹,}¹¹f,⁵,lss¹⁵

164 900 358 944 tamencum
390 889 446 943 hoc
470 886 665 944 concedimus
698 890 781 963 quod
804 888 908 945 omnia
932 906 991 963 que
1015 887 1154 945 evenient
1215 881 1295 927 'wilt

140 977 202 1031 §de
226 973 405 1032 necessitate
429 974 574 1045 evenient,
619 974 690 1049 quia
714 975 817 1032 omnia
850 974 979 1049 positiva
1002 995 1019 1032 a
1044 975 1155 1049 quibus

164 1076 322 1134 peccatum
348 1060 503 1135 excipitur,
536 1081 639 1136 ymmo
663 1063 767 1119 omnia
791 1076 926 1136 peccata,
963 1082 1031 1119 cum
1062 1063 1154 1119 homo

164 1148 328 1206 omissione
351 1168 382 1206 se
407 1148 505 1223 ipsum
525 1148 686 1206 necessitat
710 1152 749 1206 ad
766 1152 965 1222 peccandum,
984 1149 1154 1207 necessario

164 1251 232 1292 sunt
262 1237 373 1313 futura,
407 1249 435 1293 et
471 1255 538 1292 cum
575 1238 632 1293 hoc
656 1236 842 1311 impossibile
866 1251 909 1294 est
938 1239 1020 1312 quod
1045 1237 1155 1312 aliquis

163 1337 267 1397 peccet
292 1324 349 1380 nisi
375 1337 536 1398 propterea
561 1323 788 1381 racionabiliter
811 1324 849 1381 sit
879 1325 1058 1399 culpandus,
1084 1343 1152 1381 cum

124 1412 221 1467 volroc
245 1410 283 1467 sit
316 1411 346 1468 in
380 1411 444 1467 eius
477 1411 572 1468 libera
595 1412 759 1468 voluntate.
799 1411 874 1468 Dico
903 1425 1004 1469 autem
1029 1425 1154 1486 propter

164 1511 321 1571 peccatum
362 1498 520 1572 originale,
555 1501 637 1574 quod
662 1500 720 1555 hoc
754 1512 797 1554 est
834 1499 865 1555 in
901 1499 964 1555 eius
1004 1512 1155 1573 potestate

164 1584 259 1642 libera
282 1584 398 1665 velpsui
421 1586 541 1660 generis
564 1587 646 1660 quod
673 1599 716 1642 est
740 1585 818 1659 ipse,
843 1599 871 1642 et
888 1585 929 1643 ita
946 1604 1007 1642 non
1024 1584 1153 1642 dicimus

164 1674 246 1746 quod
272 1675 351 1729 Deus
375 1673 437 1730 vult
462 1686 631 1747 peccatum,
665 1673 737 1748 quia
770 1685 842 1730 tunc
868 1676 947 1730 Deus
975 1673 1065 1730 vellet
1090 1691 1153 1730 esse

164 1758 294 1832 primum
331 1759 448 1834 peccati
481 1761 527 1817 vel
552 1762 634 1835 quod
659 1763 751 1817 homo
780 1774 920 1834 peccaret
953 1762 1048 1836 (quod
1072 1760 1152 1817 idem

124 1848 219 1918 mest)
242 1849 295 1903 sed
312 1850 392 1905 Deus
416 1847 563 1921 permittit
589 1860 746 1922 peccatum
774 1861 802 1904 et
825 1847 900 1904 illud
924 1867 958 1904 ex
981 1866 1035 1904 sua
1052 1847 1153 1921 gracia
1165 1842 1323 1940 Gssnddffillgffi
1336 1847 1372 1940 *1⁵¹¹

163 1934 309 1991 convertit
333 1934 363 1990 in
388 1936 512 2005 bonum,
545 1934 613 1992 ideo
644 1953 734 1991 nemo
757 1934 787 1991 in
811 1937 967 2009 peccando
991 1933 1062 1991 lacit
1092 1937 1229 1991 Do·w0rl
1251 1911 1371 2003 rorgovid.

164 2020 237 2076 mini
260 2022 447 2079 voluntatem
472 2023 524 2078 sed
548 2022 594 2078 sui
619 2022 753 2096 precepti
783 2021 979 2082 contrarium.
1004 2023 1153 2096 Verump·

162 2120 265 2164 tamen
307 2127 340 2165 ex
373 2108 603 2183 magnificencia
636 2108 725 2165 huius
760 2108 876 2165 domini
915 2121 1035 2183 oportet
1068 2109 1152 2183 quod

162 2194 289 2269 ipsemet
313 2196 449 2270 graciose
473 2195 564 2253 faciat
588 2210 621 2253 ut
638 2215 691 2253 sua
716 2195 827 2253 volicio
856 2195 895 2253 sit
928 2195 1062 2270 impleta,
1080 2195 1153 2270 quia

120 2302 152 2336 20
164 2284 235 2338 dum
260 2283 346 2357 punit
370 2282 508 2340 homines
526 2281 762 2340 misericorditer
783 2302 838 2358 pro
855 2296 991 2357 peccam,
1009 2282 1154 2357 impletur

163 2387 217 2426 sua
241 2383 346 2427 eterna
368 2369 488 2442 volicio,
519 2383 548 2426 et
571 2369 614 2427 sic
645 2370 788 2445 impletur
811 2389 866 2428 sua
888 2371 1102 2445 voluntasque
1120 2388 1153 2427 ex

165 2456 228 2513 eius
252 2457 410 2514 eternitate
434 2456 639 2533 consequitur.
678 2461 715 2522 Et
748 2457 789 2515 ita
823 2477 883 2514 non
917 2457 1046 2514 dicimus
1070 2459 1153 2532 quod

165 2546 257 2600 homo
281 2542 311 2600 in
335 2558 484 2620 quantum
510 2558 615 2618 peccat
641 2544 712 2602 facit
739 2545 785 2602 vel
812 2545 918 2620 implet
945 2543 1067 2602 Domini
1102 2563 1153 2600 vo-

164 2630 314 2689 luntatem
352 2634 404 2689 sed
438 2630 492 2688 Dei
525 2632 672 2689 voluntati
706 2631 827 2704 resistit,
872 2651 934 2689 non
969 2631 1011 2689 sic
1050 2645 1153 2689 tamen

122 2725 152 2776 25
165 2717 238 2792 quin
266 2737 299 2775 ex
330 2718 384 2776 Dei
407 2717 634 2793 omnipotentia
666 2721 804 2777 voluntas
828 2718 950 2776 Domini
973 2718 1151 2793 impleatur;

164 2824 219 2863 nec
252 2805 445 2864 concedimus
483 2805 507 2863 si
546 2808 638 2863 homo
684 2806 722 2863 sit
764 2806 884 2864 occasio
911 2825 965 2880 per
993 2817 1150 2879 peccatum

164 2894 244 2966 quod
269 2893 431 2969 impleatur
460 2892 514 2950 Dei
550 2895 696 2966 voluntas,
735 2896 817 2968 quod
849 2906 881 2949 ut
905 2892 948 2951 sic
972 2892 1026 2950 Dei
1061 2891 1151 2950 faciat

163 2981 359 3052 voluntatem,
392 2994 420 3038 et
448 2979 490 3037 sic
522 2980 640 3038 videtur
674 2979 894 3038 Crisostomum
925 2979 1036 3037 sentire
1069 2969 1368 3053 quodThesinneraoes

163 3065 310 3140 prescitus
342 3068 379 3124 sit
412 3068 532 3126 occasio
565 3087 582 3124 a
620 3071 684 3125 Deo
721 3068 856 3141 graciose
894 3081 1019 3142 accepta
1057 3085 1150 3141 quare
1175 3024 1351 3130 biitdiutoirdoi

121 3155 333 3228 30completur
357 3155 410 3212 Dei
440 3153 562 3225 volicio;
601 3169 630 3212 et
663 3169 765 3212 tamen
801 3169 926 3229 propter
955 3152 1149 3228 iniquitatem
1161 3130 1366 3227 mlffllpfull'

162 3241 207 3297 sui
232 3241 379 3316 propositi
403 3241 466 3315 ipse
491 3260 552 3298 non
576 3242 647 3299 facit
671 3242 724 3299 Dei
749 3244 934 3299 voluntatem
964 3243 1014 3298 sed
1040 3241 1150 3297 resistit

163 3328 354 3402 culpabiliter
370 3343 518 3404 quantum
537 3343 648 3402 potest;
673 3343 701 3385 et
725 3329 766 3386 ita
790 3330 951 3386 dicendum
970 3342 1013 3385 est
1030 3330 1066 3385 de
1083 3327 1150 3384 aliis

162 3415 330 3473 obiectibus
354 3416 405 3491 qui
434 3431 504 3473 sunt
528 3416 680 3474 contrarie
703 3415 857 3473 sentencie
882 3435 974 3490 quam
999 3429 1147 3474 tenemus.

162 3505 243 3559 Deus
266 3503 347 3560 enim
373 3503 423 3580 qui
448 3518 492 3561 est
516 3521 570 3577 per
593 3523 624 3561 se
648 3503 745 3560 iustus
778 3522 840 3559 non
863 3505 926 3560 vult
958 3503 1004 3559 vel
1028 3501 1148 3559 ordinat

119 3588 219 3648 35nisi
245 3591 356 3647 iustum
380 3590 450 3648 velit
473 3591 519 3648 vel
547 3591 669 3648 ordinet
703 3610 813 3665 penam
839 3609 872 3647 ex
900 3588 1051 3647 iniusticia
1076 3607 1148 3645 con·

161 3692 346 3751 sequentem.
381 3681 417 3734 Et
442 3678 483 3735 ita
517 3678 656 3735 dixerunt
680 3677 776 3734 sancti
801 3691 872 3734 ante
895 3696 949 3733 nos
973 3677 1056 3752 quod
1080 3694 1147 3750 pec-

161 3777 262 3821 catum
288 3783 350 3822 esse
375 3784 435 3821 non
460 3779 504 3823 est
528 3766 638 3823 veritas
662 3768 714 3822 sed
739 3765 864 3836 salsitas,
898 3764 967 3821 licet
1001 3765 1038 3820 ad
1063 3762 1145 3819 illam

160 3851 321 3910 falsitatem
346 3852 455 3911 veritas
480 3871 512 3909 ex
536 3852 591 3910 Dei
614 3851 841 3927 omnipotencia
873 3864 1087 3926 consequatur.
1111 3852 1147 3905 Et

159 3937 228 3995 ideo
252 3939 326 3998 dicit
341 3939 527 4015 Augustinus
551 3942 634 4015 quod
658 3958 691 3998 ex
715 3939 847 3997 veritatis
862 3936 1057 3997 vehementia
1072 3935 1148 3995 veri·

210 4205 228 4238 r.
247 4193 307 4236 Ain
323 4205 409 4249 marg:
432 4193 493 4238 Nora
514 4194 543 4236 de
562 4194 683 4238 voluntate
696 4192 742 4237 Der'
753 4197 777 4236 et
794 4199 899 4248 peccato.
986 4191 1052 4245 4-6.
1079 4193 1101 4234 Α
1123 4191 1146 4234 in
1192 4162 1198 4174 ¹

159 4258 245 4340 marcq:
262 4245 331 4299 Quod
342 4246 421 4308 pmpr‘a
435 4258 480 4302 que
493 4246 599 4290 evenient
613 4246 744 4290 necessario
755 4247 861 4308 evenient
870 4250 895 4289 et
910 4249 988 4288 tamen
1018 4256 1101 4319 eccere
1114 4249 1149 4306 est

159 4310 183 4340 m
198 4300 272 4341 itera
288 4298 382 4375 lromrmr
402 4303 527 4383 uolantqre.
568 4351 573 4360 .
610 4297 631 4341 8.
654 4301 687 4342 A:
709 4299 852 4360 qvodqurs.
941 4309 970 4352 17.
1019 4296 1095 4357 :red
1110 4309 1145 4373 riv:

158 4348 516 4458 qgtfqppicaquqqpqmm..5.
533 4351 628 4406 Aliquot
641 4351 712 4394 verba
727 4351 871 4393 exciderunt.
932 4348 967 4406 39.
982 4352 1003 4393 Α
1018 4362 1042 4392 rn
1058 4359 1145 4403 marg..

991 4476 1041 4541 29l
