3082 5138
175 459 244 504 cnr.
264 446 348 530 ivn]
564 467 669 516 entim
689 466 784 515 PARS.

177 627 259 701 quod
288 628 433 683 haberent
462 626 492 683 in
525 625 633 700 patria.
668 629 729 683 Nec
763 628 887 683 haberet
919 629 1042 684 verbum
1077 628 1165 685 huius

176 713 272 771 sancti
296 716 429 770 colorem
454 716 536 788 quod
565 712 690 788 indigna
719 733 766 770 res
794 727 838 771 est
868 713 1064 771 christianum
1095 734 1165 773 con-

176 803 301 858 tendere
334 821 436 858 coram
467 800 566 857 iudice
595 800 708 857 infideli
737 800 794 857 nisi
823 801 895 876 quia
924 801 974 857 illa
1007 802 1165 860 contencio

177 888 275 945 estin
299 907 330 944 se
355 890 446 952 mala,
470 907 538 945 cum
565 891 732 944 secundum
750 889 928 963 Apostolum
954 902 983 945 et
1006 889 1163 947 veritatem

153 975 357 1034 §catholicam
385 975 453 1032 licet
477 974 599 1049 coniugi
624 975 705 1032 fideli
730 976 956 1033 communicare
983 990 1012 1033 et
1041 995 1166 1034 conver·

176 1077 238 1121 tere
254 1082 342 1120 suum
360 1063 520 1138 coniugem
537 1062 700 1125 infidelem,
714 1062 786 1138 quia
803 1066 915 1120 bonum
934 1063 1163 1121 matrimonium

177 1164 220 1208 est
244 1150 371 1222 licitum,
395 1152 447 1207 sed
471 1150 697 1208 communicare
727 1170 795 1207 cum
821 1150 901 1208 fideli
914 1150 971 1208 =vel
995 1149 1108 1209 infideli
1133 1152 1164 1208 in

176 1237 303 1294 seculari
329 1237 440 1295 iudicio
463 1258 525 1295 non
543 1251 587 1294 cst
604 1241 728 1308 bonurn,
753 1237 824 1313 quia
841 1238 1001 1295 contencio
1017 1239 1085 1296 talis
1101 1257 1163 1296 non

177 1339 222 1381 est
246 1325 338 1382 licita.

138 1436 168 1469 ιο
221 1415 257 1469 Et
281 1412 410 1470 breviter
426 1414 704 1488 quomodocunque
720 1411 788 1487 quis
804 1410 911 1469 dixerit
935 1412 1048 1488 experti
1064 1412 1368 1482 minorennium·

177 1501 258 1574 quod
281 1502 467 1557 contendens
491 1499 521 1556 in
545 1499 597 1556 tali
622 1498 735 1556 iudicio
758 1498 928 1556 necessario
945 1499 1073 1558 incurrit
1096 1474 1380 1581 irri·¹⁰1ii1iiriiiii⁵0i¹

176 1586 326 1644 racionem
366 1587 468 1645 anime
507 1588 552 1643 vel
591 1600 784 1661 sumptuosas
826 1606 972 1662 expensas
1011 1590 1162 1645 bonorum
1173 1582 1372 1678 wmgffflfflf‘

177 1674 298 1731 Domini
333 1675 412 1732 circa
447 1673 559 1731 iudicia
583 1674 775 1732 fraudulenta
803 1675 850 1731 vel
877 1675 1003 1733 omnino
1032 1694 1163 1751 occupa·
1323 1670 1328 1679 '

177 1760 295 1818 cionem
310 1761 457 1836 temporis
473 1763 608 1834 stultam,
627 1781 696 1818 cum
713 1775 816 1819 tamen
832 1776 951 1838 tempus
968 1763 1006 1819 sit
1023 1776 1162 1821 creatura

138 1849 231 1907 orlei
254 1852 292 1906 ab
316 1849 381 1923 ipso
405 1849 598 1923 singulariter
622 1851 693 1907 data
711 1848 885 1907 hominibus
908 1852 947 1906 ad
971 1852 1161 1925 operandum

177 1937 279 1993 utilius
292 1936 490 1994 conformiter
502 1935 559 2010 legi
572 1955 634 2006 sue,
652 1951 680 1994 et
697 1956 765 1993 cum
783 1936 887 1994 omnia
904 1936 961 1994 ista
976 1940 1022 1994 tel
1039 1937 1163 2013 aliquod

176 2024 301 2080 istorum
331 2024 376 2080 rel
405 2023 617 2083 inevitabiliter
648 2024 872 2082 concomitatur
901 2024 931 2080 in
959 2024 1088 2082 seculari
1119 2024 1163 2081 iu-

175 2110 265 2181 dicio,
298 2111 423 2168 omnino
456 2113 599 2168 delictum
629 2125 673 2168 est
701 2111 871 2168 doctrinam
896 2111 1018 2169 Christo
1046 2111 1076 2168 in
1105 2111 1163 2170 isto

175 2200 311 2256 deserere
357 2213 386 2255 et
424 2198 510 2255 inniti
549 2198 663 2255 iudicio
702 2217 906 2273 paganorum
952 2201 1035 2274 quod
1082 2199 1161 2256 idem

134 2285 372 2342 ineffectualiter
401 2300 445 2342 est
468 2287 511 2343 sie
536 2287 634 2343 facere
658 2299 686 2342 et
710 2285 875 2359 preeligere
906 2285 1036 2343 iudicem
1071 2305 1163 2361 paga-

175 2392 247 2428 num
266 2373 297 2429 in
314 2376 410 2429 Deum
433 2393 521 2430 suum
547 2387 575 2429 et
601 2374 690 2429 stulte
716 2374 854 2429 deserere
880 2372 1037 2429 dominum
1059 2376 1160 2430 lesum

176 2460 341 2516 Christum.

218 2550 275 2603 Sed
309 2547 381 2622 quid
414 2546 565 2604 infidelius
600 2566 691 2621 quam
732 2546 774 2603 sic
807 2547 906 2604 facere
937 2546 984 2604 vel
1017 2546 1048 2603 in
1080 2547 1161 2604 facto

174 2635 334 2692 defendere
372 2636 453 2709 quod
492 2636 624 2691 humane
662 2637 742 2705 leges
779 2648 849 2691 sunt
887 2632 1069 2691 salubriores
1114 2636 1161 2691 vel

132 2722 241 2795 25plus
287 2721 362 2777 iuste
408 2741 498 2796 quam
546 2724 590 2778 lex
636 2734 688 2777 aut
733 2720 894 2778 concilium
937 2721 1053 2777 domini
1091 2723 1159 2778 lesu

174 2808 304 2865 Christi?
334 2811 369 2864 Et
393 2808 436 2864 ita
460 2811 677 2866 contendentes
702 2807 875 2864 huiusmodi
901 2810 1160 2883 preponderantes

174 2895 355 2969 temporalia
395 2895 472 2953 sicut
509 2899 596 2952 bruta
635 2908 664 2951 et
701 2908 951 2969 contempnentes
989 2894 1160 2969 spiritualia

173 2985 321 3057 speranda
361 2985 399 3039 ab
437 2984 549 3056 angelis
585 2983 725 3039 ridentur
762 2982 916 3039 incurrere
948 2981 1157 3040 infidelitatem

173 3084 201 3126 et
240 3071 368 3128 heresim
409 3071 478 3144 plus
517 3069 652 3145 paganis,
685 3069 756 3143 quia
794 3069 902 3143 pagani
938 3067 1051 3128 iudices
1089 3088 1160 3143 sepe

131 3157 285 3217 3ofaciunt
328 3159 395 3232 plus
440 3160 552 3214 bonum
592 3159 629 3213 de
667 3176 785 3229 genere,
828 3175 920 3232 quam
960 3156 1073 3214 faciunt
1110 3157 1158 3214 isti

172 3248 389 3303 contendentes
440 3246 484 3302 vel
531 3244 645 3301 iudices
690 3243 742 3318 qui
786 3243 829 3300 sic
872 3243 1035 3302 infideliter
1077 3259 1158 3320 post·

172 3348 289 3407 ponunt
334 3333 445 3390 Christi
498 3332 658 3389 consilium
706 3344 734 3386 et
780 3330 951 3406 preeligunt
996 3331 1157 3389 consilium

174 3424 407 3478 mundanorum.

213 3511 250 3565 Et
283 3528 316 3566 ex
349 3509 407 3565 isto
440 3509 529 3583 plane
562 3506 679 3563 videtur
708 3507 789 3580 quod
820 3506 864 3562 lex
893 3507 1019 3562 hortans
1047 3507 1085 3562 ad
1114 3504 1376 3570 inhumanitatis

129 3601 159 3651 35
171 3595 343 3652 iuriandum
361 3594 463 3652 taliter
486 3594 524 3650 sit
548 3593 681 3651 heretica
698 3592 769 3668 quia
787 3592 940 3651 contraria
959 3592 1016 3665 legi
1033 3591 1155 3649 Christi.
1198 3568 1305 3663 Ἤξζξξξ
1319 3574 1344 3662 ξξ

172 3684 229 3739 lex
259 3683 337 3739 enim
363 3681 476 3738 Christi
506 3682 630 3738 mandat
659 3693 687 3737 et
716 3679 846 3737 consulit
877 3681 959 3754 quod
983 3679 1026 3737 sic
1053 3679 1155 3749 facias,
1214 3672 1330 3714 hereticae

170 3772 220 3827 sed
250 3770 295 3827 lex
324 3769 380 3826 ista
405 3767 600 3826 contenciosa
631 3769 754 3824 mandat
778 3769 859 3841 quod
890 3769 946 3823 hoc
973 3766 1096 3824 omittas
1128 3779 1157 3823 ct

170 3857 261 3915 facias
292 3857 391 3914 minus
416 3859 541 3913 honuni.
567 3858 636 3912 ldeo
660 3874 693 3910 ex
717 3854 926 3928 descripcione
947 3853 1057 3910 heresis
1074 3866 1157 3928 patet

171 3948 251 4019 quod
276 3946 320 4002 lex
344 3944 412 4002 talis
433 3959 477 4001 est
494 3943 637 4013 heretica,
661 3942 738 3999 sicut
758 3941 788 3997 in
805 3940 978 3997 defensione
995 3955 1039 3997 est
1056 3940 1157 3997 multi-

126 4052 161 4100 40
171 4032 236 4105 plex
260 4032 463 4088 communitas
487 4031 532 4087 vel
558 4048 696 4104 persona.

221 4356 447 4400 h.A:malre'mom'r‘.
503 4355 746 4398 inhnmanum.
802 4351 954 4402 ruiturum.
1008 4349 1156 4393 lollebono

171 4409 200 4452 de
211 4421 300 4466 genere
313 4410 377 4464 quia.
432 4404 462 4450 31.
478 4408 511 4449 lt:
528 4409 564 4449 vel
577 4407 600 4449 r'u
618 4407 665 4448 leet
680 4406 753 4448 deest.
