3082 5138
174 523 241 568 cnr.
255 509 340 593 nvn]
568 529 674 578 aarum
694 529 789 578 raas,

123 701 125 704 ’
176 690 313 766 prohibet
337 688 383 745 vel
408 690 554 762 dampnat
579 708 688 763 penam
718 690 839 747 talionis
868 693 949 765 quod
983 711 1044 748 non
1074 695 1162 750 debet

175 777 286 836 servari
303 776 515 833 universaliter
531 779 633 851 quoad
658 790 778 851 tempus
794 781 845 835 sed
864 798 924 834 non
943 781 1031 836 debet
1048 780 1161 837 servari

175 864 354 940 generaliter
382 883 437 938 pro
466 866 529 937 lege
560 864 613 920 Dei
644 864 759 938 gracie3
793 878 822 922 et
854 865 896 922 sic
930 885 1007 940 pena
1041 866 1161 923 talionis
1178 880 1203 921 tn
1219 881 1257 940 rue
1271 881 1309 923 ote
1325 884 1369 924 law

176 973 242 1011 cum
268 951 305 1008 sit
328 951 515 1025 temporalis,
542 964 586 1008 est
610 951 687 1010 iusta
712 972 766 1026 pro
791 967 928 1027 tempore
945 953 1018 1028 legis
1043 954 1160 1025 veteris,
1191 941 1358 1040 ,0„‡}„⁸,”,3³3,d,

152 1044 279 1098 inotato
295 1041 377 1113 quod
394 1052 494 1112 patres
512 1038 590 1095 illius
607 1040 681 1114 legis
699 1053 785 1096 erant
805 1053 923 1097 atroces
945 1055 978 1097 ut
999 1041 1162 1099 insolentes

175 1126 258 1203 pueri
283 1125 439 1200 puniendi.
474 1128 565 1182 Modo
594 1140 694 1183 autem
722 1146 777 1201 pro
802 1141 938 1201 tempore
963 1129 1036 1203 legis
1060 1129 1161 1203 gracie

174 1227 242 1272 sunt
267 1213 374 1270 nricius
407 1232 462 1286 per
494 1231 627 1269 amorem
662 1228 818 1289 tamquam
851 1215 982 1272 cariores
1019 1216 1069 1272 lilii
1097 1235 1161 1290 per-

175 1300 333 1359 tractandi.
359 1302 429 1356 ldeo
454 1299 521 1356 licet
546 1301 589 1356 lex
616 1300 666 1357 illa
691 1301 729 1358 sit
746 1301 833 1373 iusta,
859 1321 920 1359 non
938 1317 1040 1360 tamen
1059 1307 1160 1367 modo,

174 1391 225 1447 sed
250 1402 423 1445 executores
447 1386 520 1460 legis
545 1387 632 1443 huius
657 1388 687 1444 in
712 1389 806 1446 veteri
836 1403 1017 1447 testamento
1047 1391 1161 1448 executi
1172 1419 1224 1449 now
1240 1408 1320 1451 christ
1337 1410 1378 1450 uas

137 1490 242 1534 rosunt
259 1475 416 1532 caritative
433 1488 461 1531 et
479 1474 714 1532 misericorditer
728 1477 817 1534 istam
834 1478 941 1551 legem.
955 1480 1041 1535 Nunc
1059 1492 1159 1536 autem
1175 1461 1372 1555 ¹³⁰3¹¹J„,{¹,.f‘⁰¹¹⁰s

175 1578 310 1637 tempore
334 1562 408 1636 legis
432 1562 532 1635 gracie
561 1576 604 1618 est
636 1565 771 1620 securior
802 1578 829 1620 et
860 1564 1086 1622 misericordior
1113 1566 1161 1623 via
1281 1562 1287 1568 ’

174 1650 283 1708 Christi
310 1649 488 1706 sustinenda
513 1649 639 1706 iniurias
665 1652 857 1710 remittendo,

216 1740 252 1794 Et
277 1749 358 1811 patet
383 1750 489 1794 contra
514 1737 682 1810 sophistam
712 1739 918 1797 adversarium
948 1738 1021 1812 legis
1047 1739 1159 1795 Christi

173 1827 253 1900 quod
270 1843 347 1898 pena
364 1825 486 1881 talionis
503 1843 563 1880 non
581 1839 624 1881 est
640 1845 724 1883 versa
749 1827 779 1883 in
804 1827 931 1882 heresim
956 1826 1017 1883 sive
1040 1826 1159 1889 falsum,

135 1912 161 1963 15
173 1931 240 1969 cum
262 1911 327 1986 ipsa
346 1931 424 1986 pena
442 1933 495 1987 pro
512 1914 580 1968 loco
597 1926 626 1969 et
643 1926 780 1987 tempore
798 1914 902 1971 habuit
919 1933 1007 1970 suum
1025 1932 1158 1970 cursum.

173 2002 262 2056 Modo
287 2013 389 2056 autem
415 2021 475 2057 non
500 2013 543 2057 est
567 2019 622 2056 nec
639 2018 702 2056 esse
719 2003 817 2068 debet,
843 2002 911 2058 ideo
930 2020 1086 2075 nunquam
1104 2000 1160 2057 fuit

174 2105 250 2162 pena
273 2087 396 2143 talionis
421 2090 465 2144 vel
490 2087 562 2160 legis
587 2087 709 2143 Domini
735 2091 817 2162 quod
850 2108 906 2162 pro
935 2091 990 2144 hoc
1023 2101 1160 2162 tempore

173 2189 242 2232 sunt
275 2175 413 2231 homines
446 2175 546 2232 taliter
579 2173 734 2247 puniendi.
774 2178 841 2232 Non
875 2190 976 2232 tamen
1010 2175 1160 2232 dissencio

173 2263 272 2319 sensui
297 2262 448 2320 catholico
471 2263 552 2336 quod
577 2261 626 2316 illa
652 2280 754 2318 severa
772 2282 849 2336 pena
875 2261 996 2319 talionis
1012 2281 1097 2319 versa
1122 2262 1160 2319 sit

134 2349 202 2407 zoin
231 2369 340 2424 penam
371 2350 475 2406 mitem
504 2350 549 2404 vel
578 2348 838 2406 condonacionem
873 2348 1015 2419 hominis,
1049 2368 1158 2424 penam

174 2437 228 2493 Dei
252 2436 363 2493 iudicio
389 2436 543 2493 humiliter
567 2435 781 2511 relinquend03
811 2451 839 2494 et
868 2450 964 2493 totum
991 2438 1047 2493 hoc
1071 2451 1159 2494 sonat

174 2523 203 2580 in
241 2527 421 2599 prudentem
461 2544 496 2581 ac
531 2524 746 2597 expressiorem
789 2523 1040 2594 misericordiam,
1082 2524 1159 2581 sicut

174 2611 287 2669 racioni
312 2627 458 2669 consonat
484 2631 538 2685 pro
568 2625 704 2686 tempore
732 2632 787 2686 pro
816 2633 876 2688 quo
905 2610 1042 2668 Christus
1072 2612 1160 2668 luerit

174 2700 360 2763 incarnatus:
395 2713 423 2756 et
455 2699 496 2756 sic
521 2700 568 2756 via
597 2699 678 2774 regia
709 2714 752 2756 est
781 2700 874 2757 vianti
902 2699 1036 2756 securior
1066 2718 1157 2772 quam

134 2789 254 2863 riquod
280 2801 414 2844 transeat
439 2807 491 2861 per
516 2787 597 2862 ripas
621 2786 703 2843 avias
727 2787 883 2862 inquibus
907 2786 1035 2844 faciliter
1058 2800 1158 2860 posset

175 2874 277 2949 mergi.
317 2875 367 2932 Sic
404 2875 451 2932 via
484 2875 557 2947 legis
590 2874 700 2930 Christi
734 2877 926 2948 procedendo
959 2874 989 2930 in
1024 2873 1159 2930 moribus
1188 2898 1193 2911 =

175 2962 356 3019 remittendo
373 2962 497 3020 iniurias
514 2976 542 3019 et
559 2964 740 3019 reservando
752 2961 907 3019 humiliter
919 2965 982 3018 Deo
993 2960 1157 3017 vindictam

174 3064 217 3107 est
244 3050 388 3122 securior,
423 3069 490 3106 cunr
522 3047 607 3105 multi
640 3049 670 3104 in
699 3049 747 3105 via
770 3048 901 3106 vindicte
925 3049 983 3105 alia
1015 3047 1157 3122 perirent.

217 3141 253 3194 Et
271 3150 369 3211 potest
386 3137 531 3212 applicari
550 3136 706 3210 responsio
723 3138 760 3192 ad
777 3154 976 3210 quaecunque
993 3137 1158 3209 verbaque

131 3232 163 3283 30
174 3225 221 3282 hic
245 3225 352 3282 dixerit
376 3223 564 3281 adversarius
588 3223 661 3296 legis
686 3223 807 3281 Christi.
842 3227 918 3280 Nam
948 3221 1101 3279 iudicialia
1129 3236 1158 3278 et

172 3311 387 3369 ceremonialia
410 3311 484 3387 legis
507 3310 615 3368 veteris
645 3313 753 3368 debent
783 3329 899 3368 cessare
931 3331 985 3384 pro
1020 3324 1159 3384 tempore

172 3398 245 3473 legis
270 3400 386 3473 gracie;
419 3399 487 3455 ideo
516 3419 576 3455 non
605 3397 742 3472 sequitur
766 3400 845 3473 quod
870 3417 949 3473 pena
974 3397 1096 3454 talionis
1119 3397 1157 3455 sit

171 3488 326 3543 destructa
349 3487 395 3543 vel
419 3506 504 3543 versa
528 3485 557 3542 in
584 3485 711 3541 heresim
742 3487 793 3541 sed
824 3487 905 3560 quod
935 3485 1000 3559 ipsa
1029 3486 1158 3542 durante

170 3593 224 3648 per
240 3587 358 3631 tantum
376 3587 495 3648 tempus
512 3587 544 3629 ut
561 3571 664 3629 debuit
681 3573 823 3629 succedat
839 3574 883 3629 lex
896 3571 1006 3646 gracie,
1024 3571 1158 3628 securior

129 3660 398 3719 35misericordior
422 3674 450 3717 et
474 3658 598 3716 liberior
624 3660 675 3716 nei
702 3659 856 3733 sapiencia
881 3659 1047 3715 incarnata.

214 3750 273 3806 Sed
297 3749 430 3805 secundo
453 3747 571 3804 videtur
605 3748 683 3804 hunc
716 3760 854 3803 sanctum
891 3746 1047 3803 intendere
1075 3746 1156 3820 quod
1192 3772 1346 3818 mmmm

170 3854 260 3893 nemo
306 3836 394 3891 debet
440 3854 495 3908 pro
541 3849 679 3906 tempore
727 3834 798 3907 legis
843 3833 943 3907 gracie
988 3822 1364 3923 εεευηάυωῑξέζῇζὲὖᾞῇξ

169 3923 249 3996 leges
291 3924 439 3979 humanas
477 3923 669 3993 contendere,
711 3935 740 3977 et
774 3921 817 3978 sic
850 3923 929 3994 leges
965 3921 1089 3995 papales
1128 3933 1156 3977 et
1183 3933 1360 3975 sirivcatlaw.

169 4008 271 4067 civiles
309 4028 377 4067 cum
418 4008 460 4065 eis
493 4009 639 4066 similibus
679 4022 830 4066 cessarent
869 4008 960 4064 modo
998 4020 1154 4082 tamquam

915 4100 925 4121 Χ

124 4116 160 4164 40
169 4096 309 4156 heretice.

221 4381 236 4413 ι.
253 4369 283 4411 B:
297 4369 340 4411 sed
352 4368 416 4424 quod
428 4380 475 4410 non
490 4368 562 4410 delet.
653 4379 683 4419 ¹7-
699 4368 732 4408 A:
747 4368 807 4422 lege.
896 4376 932 4416 22.
948 4366 981 4408 A:
999 4377 1068 4420 quam
1082 4364 1154 4407 deest.

168 4421 203 4466 28.
218 4422 252 4464 A:
264 4421 405 4476 perierunt,¹
420 4421 448 4463 A:
464 4420 571 4463 correxit.
674 4430 710 4473 ²9·
726 4421 759 4461 A:
775 4424 799 4462 et
809 4424 870 4474 port.
968 4415 1001 4461 35.
1017 4418 1050 4460 A:
1065 4417 1156 4461 miseri·

28 4472 40 4563 }
170 4472 268 4516 cordlor
281 4473 354 4516 deest.
408 4471 444 4516 30.
458 4476 481 4516 A
495 4474 517 4516 in
535 4484 622 4524 marga
637 4471 812 4526 Argumentum.
866 4468 902 4524 39.
918 4472 952 4513 A:
967 4481 1018 4513 cnm
1031 4470 1089 4513 εἰπε.

1000 4545 1051 4605 14*
