<?xml version="1.0" encoding="UTF-8"?>
<!DOCTYPE html PUBLIC "-//W3C//DTD XHTML 1.0 Transitional//EN"
    "http://www.w3.org/TR/xhtml1/DTD/xhtml1-transitional.dtd">
<html xmlns="http://www.w3.org/1999/xhtml" xml:lang="en" lang="en">
 <head>
  <title>
</title>
<meta http-equiv="Content-Type" content="text/html;charset=utf-8" />
  <meta name='ocr-system' content='tesseract 3.04.00' />
  <meta name='ocr-capabilities' content='ocr_page ocr_carea ocr_par ocr_line ocrx_word'/>
</head>
<body>
  <div class='ocr_page' id='page_1' title='image "./iohanniswyclifo00wyclgoog_0313.png"; bbox 0 0 3082 5138; ppageno 0'>
   <div class='ocr_carea' id='block_1_1' title="bbox 678 439 1367 523">
    <p class='ocr_par' dir='ltr' id='par_1_1' title="bbox 678 439 1367 523">
     <span class='ocr_line' id='line_1_1' title="bbox 678 439 1367 523; baseline -0.019 -18"><span class='ocrx_word' id='word_1_1' title='bbox 678 460 768 510; x_wconf 76' lang='lat' dir='ltr'><em>‹Jeos</em></span> <span class='ocrx_word' id='word_1_2' title='bbox 786 459 1038 511; x_wconf 69' lang='lat' dir='ltr'><em>evsnossnton</em></span> <span class='ocrx_word' id='word_1_3' title='bbox 1204 439 1288 523; x_wconf 76' lang='lat' dir='ltr'><em>[eso.</em></span> <span class='ocrx_word' id='word_1_4' title='bbox 1305 451 1367 495; x_wconf 76' lang='lat' dir='ltr'><em>xix.</em></span> 
     </span>
    </p>
   </div>
   <div class='ocr_carea' id='block_1_2' title="bbox 165 620 1467 4012">
    <p class='ocr_par' dir='ltr' id='par_1_2' title="bbox 165 620 1467 4012">
     <span class='ocr_line' id='line_1_2' title="bbox 375 620 1366 694; baseline -0.005 -17"><span class='ocrx_word' id='word_1_5' title='bbox 375 622 472 677; x_wconf 88' lang='lat' dir='ltr'><em>cedem</em></span> <span class='ocrx_word' id='word_1_6' title='bbox 497 621 563 676; x_wconf 90' lang='lat' dir='ltr'><em>lmic</em></span> <span class='ocrx_word' id='word_1_7' title='bbox 587 622 682 676; x_wconf 89' lang='lat' dir='ltr'><em>seculo</em></span> <span class='ocrx_word' id='word_1_8' title='bbox 706 621 928 694; x_wconf 78' lang='lat' dir='ltr'><strong><em>conformemur</em></strong></span> <span class='ocrx_word' id='word_1_9' title='bbox 950 632 976 674; x_wconf 93' lang='lat' dir='ltr'><em>et</em></span> <span class='ocrx_word' id='word_1_10' title='bbox 1000 620 1161 675; x_wconf 81' lang='lat' dir='ltr'><em>allomino</em></span> <span class='ocrx_word' id='word_1_11' title='bbox 1179 621 1243 675; x_wconf 89' lang='lat' dir='ltr'><em>Deo</em></span> <span class='ocrx_word' id='word_1_12' title='bbox 1265 620 1366 674; x_wconf 88' lang='lat' dir='ltr'><em>incur-</em></span> 
     </span>
     <span class='ocr_line' id='line_1_3' title="bbox 377 707 1368 784; baseline 0 -23"><span class='ocrx_word' id='word_1_13' title='bbox 377 727 478 764; x_wconf 78' lang='lat' dir='ltr'><em>vemur</em></span> <span class='ocrx_word' id='word_1_14' title='bbox 493 720 518 762; x_wconf 92' lang='lat' dir='ltr'><em>et</em></span> <span class='ocrx_word' id='word_1_15' title='bbox 539 709 706 763; x_wconf 89' lang='lat' dir='ltr'><em>amittamus</em></span> <span class='ocrx_word' id='word_1_16' title='bbox 728 708 808 762; x_wconf 89' lang='lat' dir='ltr'><em>illam</em></span> <span class='ocrx_word' id='word_1_17' title='bbox 823 707 1047 784; x_wconf 81' lang='lat' dir='ltr'><em>promissionem</em></span> <span class='ocrx_word' id='word_1_18' title='bbox 1070 726 1155 782; x_wconf 91' lang='lat' dir='ltr'><em>quam</em></span> <span class='ocrx_word' id='word_1_19' title='bbox 1172 718 1368 783; x_wconf 77' lang='lat' dir='ltr'><em>expectamus</em></span> 
     </span>
     <span class='ocr_line' id='line_1_4' title="bbox 375 795 1369 872; baseline -0.002 -22"><span class='ocrx_word' id='word_1_20' title='bbox 375 807 401 850; x_wconf 90' lang='lat' dir='ltr'><em>et</em></span> <span class='ocrx_word' id='word_1_21' title='bbox 427 814 485 871; x_wconf 89' lang='lat' dir='ltr'><em>pro</em></span> <span class='ocrx_word' id='word_1_22' title='bbox 513 814 567 870; x_wconf 93' lang='lat' dir='ltr'><em>qua</em></span> <span class='ocrx_word' id='word_1_23' title='bbox 600 795 626 850; x_wconf 90' lang='lat' dir='ltr'><em>in</em></span> <span class='ocrx_word' id='word_1_24' title='bbox 656 797 710 850; x_wconf 86' lang='lat' dir='ltr'><em>hac</em></span> <span class='ocrx_word' id='word_1_25' title='bbox 734 795 981 872; x_wconf 71' lang='lat' dir='ltr'><em>peregrinacione</em></span> <span class='ocrx_word' id='word_1_26' title='bbox 1013 796 1160 870; x_wconf 88' lang='lat' dir='ltr'><em>sperando</em></span> <span class='ocrx_word' id='word_1_27' title='bbox 1193 795 1369 850; x_wconf 82' lang='lat' dir='ltr'><em>laboramus</em></span> 
     </span>
     <span class='ocr_line' id='line_1_5' title="bbox 375 882 1367 959; baseline -0.003 -21"><span class='ocrx_word' id='word_1_28' title='bbox 375 894 455 938; x_wconf 92' lang='lat' dir='ltr'><em>tanto</em></span> <span class='ocrx_word' id='word_1_29' title='bbox 483 883 633 938; x_wconf 86' lang='lat' dir='ltr'><em>solidioris</em></span> <span class='ocrx_word' id='word_1_30' title='bbox 660 894 745 957; x_wconf 88' lang='lat' dir='ltr'><em>atquc</em></span> <span class='ocrx_word' id='word_1_31' title='bbox 758 883 909 959; x_wconf 84' lang='lat' dir='ltr'><em>firmioris</em></span> <span class='ocrx_word' id='word_1_32' title='bbox 931 893 1039 957; x_wconf 91' lang='lat' dir='ltr'><em>quanto</em></span> <span class='ocrx_word' id='word_1_33' title='bbox 1067 882 1217 939; x_wconf 85' lang='lat' dir='ltr'><em>interioris</em></span> <span class='ocrx_word' id='word_1_34' title='bbox 1241 882 1367 938; x_wconf 90' lang='lat' dir='ltr'><em>beatitu-</em></span> 
     </span>
     <span class='ocr_line' id='line_1_6' title="bbox 377 968 1394 1047; baseline -0.005 -22"><span class='ocrx_word' id='word_1_35' title='bbox 377 971 452 1026; x_wconf 85' lang='lat' dir='ltr'><em>dinis</em></span> <span class='ocrx_word' id='word_1_36' title='bbox 490 989 544 1045; x_wconf 89' lang='lat' dir='ltr'><em>qua</em></span> <span class='ocrx_word' id='word_1_37' title='bbox 584 989 635 1025; x_wconf 89' lang='lat' dir='ltr'><em>nos</em></span> <span class='ocrx_word' id='word_1_38' title='bbox 672 970 754 1047; x_wconf 73' lang='lat' dir='ltr'><em>eligit</em></span> <span class='ocrx_word' id='word_1_39' title='bbox 794 971 874 1025; x_wconf 86' lang='lat' dir='ltr'><em>Deus</em></span> <span class='ocrx_word' id='word_1_40' title='bbox 917 971 1085 1044; x_wconf 80' lang='lat' dir='ltr'><em>conformes</em></span> <span class='ocrx_word' id='word_1_41' title='bbox 1113 970 1188 1045; x_wconf 83' lang='lat' dir='ltr'><em>fieri</em></span> <span class='ocrx_word' id='word_1_42' title='bbox 1225 968 1394 1046; x_wconf 70' lang='lat' dir='ltr'><em>irnaginisfi</em></span> 
     </span>
     <span class='ocr_line' id='line_1_7' title="bbox 378 1057 709 1133; baseline -0.006 -21"><span class='ocrx_word' id='word_1_43' title='bbox 378 1057 559 1113; x_wconf 76' lang='lat' dir='ltr'><em>dilectissimi</em></span> <span class='ocrx_word' id='word_1_44' title='bbox 573 1057 636 1133; x_wconf 85' lang='lat' dir='ltr'><em>filii</em></span> <span class='ocrx_word' id='word_1_45' title='bbox 657 1058 709 1112; x_wconf 89' lang='lat' dir='ltr'><em>sui.</em></span> 
     </span>
     <span class='ocr_line' id='line_1_8' title="bbox 185 1143 1370 1219; baseline 0.002 -24"><span class='ocrx_word' id='word_1_46' title='bbox 185 1152 229 1196; x_wconf 82' lang='lat' dir='ltr'><em>we</em></span> <span class='ocrx_word' id='word_1_47' title='bbox 245 1165 298 1214; x_wconf 75' lang='lat' dir='ltr'><em>may</em></span> <span class='ocrx_word' id='word_1_48' title='bbox 314 1154 340 1195; x_wconf 79' lang='lat' dir='ltr'><em>be</em></span> <span class='ocrx_word' id='word_1_49' title='bbox 421 1145 452 1199; x_wconf 93' lang='lat' dir='ltr'><em>ln</em></span> <span class='ocrx_word' id='word_1_50' title='bbox 482 1147 536 1200; x_wconf 86' lang='lat' dir='ltr'><em>hoc</em></span> <span class='ocrx_word' id='word_1_51' title='bbox 558 1156 653 1199; x_wconf 69' lang='lat' dir='ltr'><em>anetem</em></span> <span class='ocrx_word' id='word_1_52' title='bbox 683 1144 808 1219; x_wconf 88' lang='lat' dir='ltr'><em>capitulo</em></span> <span class='ocrx_word' id='word_1_53' title='bbox 838 1144 966 1200; x_wconf 79' lang='lat' dir='ltr'><em>maxime</em></span> <span class='ocrx_word' id='word_1_54' title='bbox 994 1143 1288 1199; x_wconf 81' lang='lat' dir='ltr'><em>anitnaduertendum</em></span> <span class='ocrx_word' id='word_1_55' title='bbox 1313 1154 1370 1207; x_wconf 92' lang='lat' dir='ltr'><em>est,</em></span> 
     </span>
     <span class='ocr_line' id='line_1_9' title="bbox 173 1206 1369 1306; baseline 0.004 -27"><span class='ocrx_word' id='word_1_56' title='bbox 173 1206 354 1301; x_wconf 46' lang='lat' dir='ltr'><em>ffiffllffel‘f&#39;ssffi</em></span> <span class='ocrx_word' id='word_1_57' title='bbox 378 1249 433 1286; x_wconf 89' lang='lat' dir='ltr'><em>non</em></span> <span class='ocrx_word' id='word_1_58' title='bbox 466 1232 493 1285; x_wconf 95' lang='lat' dir='ltr'><em>in</em></span> <span class='ocrx_word' id='word_1_59' title='bbox 527 1233 589 1287; x_wconf 86' lang='lat' dir='ltr'><em>solo</em></span> <span class='ocrx_word' id='word_1_60' title='bbox 621 1251 721 1287; x_wconf 87' lang='lat' dir='ltr'><em>rerum</em></span> <span class='ocrx_word' id='word_1_61' title='bbox 755 1249 966 1306; x_wconf 90' lang='lat' dir='ltr'><em>corporearum</em></span> <span class='ocrx_word' id='word_1_62' title='bbox 1000 1232 1094 1286; x_wconf 88' lang='lat' dir='ltr'><em>nitore</em></span> <span class='ocrx_word' id='word_1_63' title='bbox 1128 1243 1214 1306; x_wconf 89' lang='lat' dir='ltr'><em>atque</em></span> <span class='ocrx_word' id='word_1_64' title='bbox 1243 1249 1369 1306; x_wconf 90' lang='lat' dir='ltr'><em>pompa,</em></span> 
     </span>
     <span class='ocr_line' id='line_1_10' title="bbox 165 1310 1368 1406; baseline -0.001 -33"><span class='ocrx_word' id='word_1_65' title='bbox 165 1310 360 1406; x_wconf 51' lang='lat' dir='ltr'><em>⁸fflf3¹d3⁰gqoss¹gl</em></span> <span class='ocrx_word' id='word_1_66' title='bbox 377 1319 429 1373; x_wconf 90' lang='lat' dir='ltr'><em>sed</em></span> <span class='ocrx_word' id='word_1_67' title='bbox 451 1320 540 1374; x_wconf 89' lang='lat' dir='ltr'><em>eciam</em></span> <span class='ocrx_word' id='word_1_68' title='bbox 569 1320 596 1374; x_wconf 89' lang='lat' dir='ltr'><em>in</em></span> <span class='ocrx_word' id='word_1_69' title='bbox 621 1319 690 1394; x_wconf 87' lang='lat' dir='ltr'><em>ipsis</em></span> <span class='ocrx_word' id='word_1_70' title='bbox 713 1319 848 1374; x_wconf 85' lang='lat' dir='ltr'><em>sordibus</em></span> <span class='ocrx_word' id='word_1_71' title='bbox 873 1319 974 1374; x_wconf 88' lang='lat' dir='ltr'><em>lutosis</em></span> <span class='ocrx_word' id='word_1_72' title='bbox 988 1319 1063 1395; x_wconf 85' lang='lat' dir='ltr'><em>fieri</em></span> <span class='ocrx_word' id='word_1_73' title='bbox 1080 1336 1168 1393; x_wconf 88' lang='lat' dir='ltr'><em>posse</em></span> <span class='ocrx_word' id='word_1_74' title='bbox 1191 1318 1368 1374; x_wconf 88' lang='lat' dir='ltr'><em>iactanciam</em></span> 
     </span>
     <span class='ocr_line' id='line_1_11' title="bbox 196 1405 1414 1481; baseline -0.001 -25"><span class='ocrx_word' id='word_1_75' title='bbox 196 1416 328 1473; x_wconf 63' lang='lat' dir='ltr'><em>deligemus</em></span> <span class='ocrx_word' id='word_1_76' title='bbox 377 1416 404 1460; x_wconf 91' lang='lat' dir='ltr'><em>et</em></span> <span class='ocrx_word' id='word_1_77' title='bbox 420 1424 452 1460; x_wconf 91' lang='lat' dir='ltr'><em>eo</em></span> <span class='ocrx_word' id='word_1_78' title='bbox 465 1407 706 1480; x_wconf 82' lang='lat' dir='ltr'><em>periculosiorem</em></span> <span class='ocrx_word' id='word_1_79' title='bbox 724 1425 778 1481; x_wconf 89' lang='lat' dir='ltr'><em>quo</em></span> <span class='ocrx_word' id='word_1_80' title='bbox 800 1407 851 1461; x_wconf 86' lang='lat' dir='ltr'><em>snb</em></span> <span class='ocrx_word' id='word_1_81' title='bbox 876 1407 989 1461; x_wconf 90' lang='lat' dir='ltr'><em>nomine</em></span> <span class='ocrx_word' id='word_1_82' title='bbox 1009 1406 1157 1462; x_wconf 87' lang='lat' dir='ltr'><em>seruitutis</em></span> <span class='ocrx_word' id='word_1_83' title='bbox 1173 1406 1232 1462; x_wconf 91' lang='lat' dir='ltr'><em>Dei</em></span> <span class='ocrx_word' id='word_1_84' title='bbox 1247 1405 1366 1480; x_wconf 78' lang='lat' dir='ltr'><em>decipit.</em></span> <span class='ocrx_word' id='word_1_85' title='bbox 1384 1424 1414 1456; x_wconf 77' lang='lat' dir='ltr'><em>io</em></span> 
     </span>
     <span class='ocr_line' id='line_1_12' title="bbox 225 1468 1371 1570; baseline 0.001 -24"><span class='ocrx_word' id='word_1_86' title='bbox 225 1468 298 1523; x_wconf 47' lang='grc' dir='ltr'><em>Μ·</em></span> <span class='ocrx_word' id='word_1_87' title='bbox 381 1494 445 1558; x_wconf 82' lang='lat' dir='ltr'><em>tho</em></span> <span class='ocrx_word' id='word_1_88' title='bbox 468 1494 562 1570; x_wconf 64' lang='lat' dir='ltr'><em>igitur</em></span> <span class='ocrx_word' id='word_1_89' title='bbox 586 1495 663 1548; x_wconf 87' lang='lat' dir='ltr'><em>cultu</em></span> <span class='ocrx_word' id='word_1_90' title='bbox 688 1494 881 1549; x_wconf 90' lang='lat' dir='ltr'><em>immoderato</em></span> <span class='ocrx_word' id='word_1_91' title='bbox 905 1494 1039 1568; x_wconf 91' lang='lat' dir='ltr'><em>corporis</em></span> <span class='ocrx_word' id='word_1_92' title='bbox 1067 1504 1151 1567; x_wconf 92' lang='lat' dir='ltr'><em>atque</em></span> <span class='ocrx_word' id='word_1_93' title='bbox 1176 1493 1297 1549; x_wconf 83' lang='lat' dir='ltr'><em>uestitus</em></span> <span class='ocrx_word' id='word_1_94' title='bbox 1322 1493 1371 1547; x_wconf 84' lang='lat' dir='ltr'><em>rel</em></span> 
     </span>
     <span class='ocr_line' id='line_1_13' title="bbox 376 1581 1368 1656; baseline 0.001 -22"><span class='ocrx_word' id='word_1_95' title='bbox 376 1591 541 1636; x_wconf 89' lang='lat' dir='ltr'><em>ceterarum</em></span> <span class='ocrx_word' id='word_1_96' title='bbox 567 1600 666 1636; x_wconf 89' lang='lat' dir='ltr'><em>rernm</em></span> <span class='ocrx_word' id='word_1_97' title='bbox 689 1599 898 1656; x_wconf 90' lang='lat' dir='ltr'><em>pomposarum</em></span> <span class='ocrx_word' id='word_1_98' title='bbox 924 1582 983 1637; x_wconf 80' lang='lat' dir='ltr'><em>siue</em></span> <span class='ocrx_word' id='word_1_99' title='bbox 1009 1599 1149 1636; x_wconf 77' lang='lat' dir='ltr'><em>uariarum</em></span> <span class='ocrx_word' id='word_1_100' title='bbox 1179 1581 1273 1636; x_wconf 89' lang='lat' dir='ltr'><em>nitore</em></span> <span class='ocrx_word' id='word_1_101' title='bbox 1294 1599 1368 1656; x_wconf 91' lang='lat' dir='ltr'><em>pre-</em></span> 
     </span>
     <span class='ocr_line' id='line_1_14' title="bbox 367 1667 1371 1744; baseline 0 -22"><span class='ocrx_word' id='word_1_102' title='bbox 367 1668 482 1744; x_wconf 77' lang='lat' dir='ltr'><em>fulget,</em></span> <span class='ocrx_word' id='word_1_103' title='bbox 506 1669 603 1743; x_wconf 77' lang='lat' dir='ltr'><em>facile</em></span> <span class='ocrx_word' id='word_1_104' title='bbox 633 1669 814 1723; x_wconf 87' lang='lat' dir='ltr'><em>conuincitur</em></span> <span class='ocrx_word' id='word_1_105' title='bbox 846 1668 931 1724; x_wconf 87' lang='lat' dir='ltr'><em>rebus</em></span> <span class='ocrx_word' id='word_1_106' title='bbox 965 1669 1034 1744; x_wconf 87' lang='lat' dir='ltr'><em>ipsis</em></span> <span class='ocrx_word' id='word_1_107' title='bbox 1063 1686 1240 1744; x_wconf 89' lang='lat' dir='ltr'><em>pomparum</em></span> <span class='ocrx_word' id='word_1_108' title='bbox 1274 1667 1371 1723; x_wconf 88' lang='lat' dir='ltr'><em>seculi</em></span> 
     </span>
     <span class='ocr_line' id='line_1_15' title="bbox 376 1753 1367 1833; baseline -0.001 -24"><span class='ocrx_word' id='word_1_109' title='bbox 376 1773 437 1810; x_wconf 90' lang='lat' dir='ltr'><em>csse</em></span> <span class='ocrx_word' id='word_1_110' title='bbox 459 1766 596 1824; x_wconf 76' lang='lat' dir='ltr'><em>sectator,</em></span> <span class='ocrx_word' id='word_1_111' title='bbox 621 1774 672 1810; x_wconf 89' lang='lat' dir='ltr'><em>nec</em></span> <span class='ocrx_word' id='word_1_112' title='bbox 694 1774 865 1831; x_wconf 91' lang='lat' dir='ltr'><em>quemqnam</em></span> <span class='ocrx_word' id='word_1_113' title='bbox 874 1755 962 1830; x_wconf 76' lang='lat' dir='ltr'><em>fallit</em></span> <span class='ocrx_word' id='word_1_114' title='bbox 979 1753 1080 1812; x_wconf 88' lang='lat' dir='ltr'><em>dolosa</em></span> <span class='ocrx_word' id='word_1_115' title='bbox 1092 1757 1241 1833; x_wconf 77' lang='lat' dir='ltr'><em>yrnagine</em></span> <span class='ocrx_word' id='word_1_116' title='bbox 1256 1755 1367 1810; x_wconf 88' lang='lat' dir='ltr'><em>sancti-</em></span> 
     </span>
     <span class='ocr_line' id='line_1_16' title="bbox 376 1842 1411 1918; baseline -0.002 -24"><span class='ocrx_word' id='word_1_117' title='bbox 376 1842 451 1897; x_wconf 84' lang='lat' dir='ltr'><em>tatis.</em></span> <span class='ocrx_word' id='word_1_118' title='bbox 490 1842 548 1909; x_wconf 80' lang='lat' dir='ltr'><em>Qui</em></span> <span class='ocrx_word' id='word_1_119' title='bbox 574 1854 668 1898; x_wconf 91' lang='lat' dir='ltr'><em>autem</em></span> <span class='ocrx_word' id='word_1_120' title='bbox 702 1843 729 1897; x_wconf 91' lang='lat' dir='ltr'><em>in</em></span> <span class='ocrx_word' id='word_1_121' title='bbox 755 1842 941 1918; x_wconf 81' lang='lat' dir='ltr'><em>professione</em></span> <span class='ocrx_word' id='word_1_122' title='bbox 972 1842 1193 1899; x_wconf 76' lang='lat' dir='ltr'><em>christianitatis</em></span> <span class='ocrx_word' id='word_1_123' title='bbox 1225 1843 1411 1898; x_wconf 49' lang='lat' dir='ltr'><em>inusitato&amp;</em></span> 
     </span>
     <span class='ocr_line' id='line_1_17' title="bbox 375 1929 1367 2005; baseline 0 -22"><span class='ocrx_word' id='word_1_124' title='bbox 375 1930 511 2004; x_wconf 81' lang='lat' dir='ltr'><em>squalore</em></span> <span class='ocrx_word' id='word_1_125' title='bbox 534 1948 570 1985; x_wconf 89' lang='lat' dir='ltr'><em>ac</em></span> <span class='ocrx_word' id='word_1_126' title='bbox 591 1930 726 1985; x_wconf 90' lang='lat' dir='ltr'><em>sordibus</em></span> <span class='ocrx_word' id='word_1_127' title='bbox 750 1931 872 1985; x_wconf 90' lang='lat' dir='ltr'><em>intentos</em></span> <span class='ocrx_word' id='word_1_128' title='bbox 896 1929 923 1983; x_wconf 90' lang='lat' dir='ltr'><em>in</em></span> <span class='ocrx_word' id='word_1_129' title='bbox 947 1947 977 1985; x_wconf 88' lang='lat' dir='ltr'><em>se</em></span> <span class='ocrx_word' id='word_1_130' title='bbox 994 1930 1141 1986; x_wconf 83' lang='lat' dir='ltr'><em>boneimnn</em></span> <span class='ocrx_word' id='word_1_131' title='bbox 1166 1930 1265 1985; x_wconf 89' lang='lat' dir='ltr'><em>oculos</em></span> <span class='ocrx_word' id='word_1_132' title='bbox 1274 1929 1367 2005; x_wconf 81' lang='lat' dir='ltr'><em>facit,</em></span> 
     </span>
     <span class='ocr_line' id='line_1_18' title="bbox 376 2016 1368 2094; baseline 0.001 -24"><span class='ocrx_word' id='word_1_133' title='bbox 376 2034 440 2071; x_wconf 90' lang='lat' dir='ltr'><em>cum</em></span> <span class='ocrx_word' id='word_1_134' title='bbox 464 2016 494 2071; x_wconf 88' lang='lat' dir='ltr'><em>id</em></span> <span class='ocrx_word' id='word_1_135' title='bbox 519 2018 665 2073; x_wconf 79' lang='lat' dir='ltr'><em>uoluntate</em></span> <span class='ocrx_word' id='word_1_136' title='bbox 682 2017 790 2091; x_wconf 84' lang='lat' dir='ltr'><em>faciat,</em></span> <span class='ocrx_word' id='word_1_137' title='bbox 815 2036 870 2073; x_wconf 92' lang='lat' dir='ltr'><em>non</em></span> <span class='ocrx_word' id='word_1_138' title='bbox 895 2018 1065 2073; x_wconf 88' lang='lat' dir='ltr'><em>necessitate</em></span> <span class='ocrx_word' id='word_1_139' title='bbox 1085 2017 1234 2094; x_wconf 87' lang='lat' dir='ltr'><em>paciatur,</em></span> <span class='ocrx_word' id='word_1_140' title='bbox 1259 2017 1368 2072; x_wconf 88' lang='lat' dir='ltr'><em>ceteris</em></span> 
     </span>
     <span class='ocr_line' id='line_1_19' title="bbox 376 2104 1367 2180; baseline -0.002 -21"><span class='ocrx_word' id='word_1_141' title='bbox 376 2104 436 2159; x_wconf 89' lang='lat' dir='ltr'><em>eius</em></span> <span class='ocrx_word' id='word_1_142' title='bbox 474 2105 609 2180; x_wconf 88' lang='lat' dir='ltr'><em>operibus</em></span> <span class='ocrx_word' id='word_1_143' title='bbox 643 2116 738 2180; x_wconf 90' lang='lat' dir='ltr'><em>potest</em></span> <span class='ocrx_word' id='word_1_144' title='bbox 783 2105 922 2175; x_wconf 80' lang='lat' dir='ltr'><em>convinci,</em></span> <span class='ocrx_word' id='word_1_145' title='bbox 965 2116 1063 2159; x_wconf 89' lang='lat' dir='ltr'><em>utrum</em></span> <span class='ocrx_word' id='word_1_146' title='bbox 1107 2106 1160 2160; x_wconf 82' lang='lat' dir='ltr'><em>ltoc</em></span> <span class='ocrx_word' id='word_1_147' title='bbox 1198 2115 1367 2179; x_wconf 86' lang='lat' dir='ltr'><em>contemptu</em></span> 
     </span>
     <span class='ocr_line' id='line_1_20' title="bbox 375 2191 1367 2268; baseline -0.001 -22"><span class='ocrx_word' id='word_1_148' title='bbox 375 2191 517 2268; x_wconf 81' lang='lat' dir='ltr'><em>superflui</em></span> <span class='ocrx_word' id='word_1_149' title='bbox 539 2193 641 2264; x_wconf 87' lang='lat' dir='ltr'><em>cultus,</em></span> <span class='ocrx_word' id='word_1_150' title='bbox 670 2204 720 2246; x_wconf 93' lang='lat' dir='ltr'><em>aut</em></span> <span class='ocrx_word' id='word_1_151' title='bbox 743 2192 902 2248; x_wconf 85' lang='lat' dir='ltr'><em>ambicione</em></span> <span class='ocrx_word' id='word_1_152' title='bbox 924 2192 1020 2265; x_wconf 89' lang='lat' dir='ltr'><em>aliqua</em></span> <span class='ocrx_word' id='word_1_153' title='bbox 1035 2192 1143 2267; x_wconf 88' lang='lat' dir='ltr'><em>saciat,</em></span> <span class='ocrx_word' id='word_1_154' title='bbox 1171 2193 1237 2267; x_wconf 91' lang='lat' dir='ltr'><em>quia</em></span> <span class='ocrx_word' id='word_1_155' title='bbox 1261 2202 1288 2247; x_wconf 89' lang='lat' dir='ltr'><em>ct</em></span> <span class='ocrx_word' id='word_1_156' title='bbox 1313 2192 1367 2247; x_wconf 90' lang='lat' dir='ltr'><em>sub</em></span> 
     </span>
     <span class='ocr_line' id='line_1_21' title="bbox 375 2278 1412 2355; baseline -0.001 -24"><span class='ocrx_word' id='word_1_157' title='bbox 375 2278 460 2333; x_wconf 83' lang='lat' dir='ltr'><em>onina</em></span> <span class='ocrx_word' id='word_1_158' title='bbox 488 2280 566 2354; x_wconf 92' lang='lat' dir='ltr'><em>pelle</em></span> <span class='ocrx_word' id='word_1_159' title='bbox 595 2281 739 2335; x_wconf 83' lang='lat' dir='ltr'><em>canendos</em></span> <span class='ocrx_word' id='word_1_160' title='bbox 766 2298 827 2335; x_wconf 92' lang='lat' dir='ltr'><em>esse</em></span> <span class='ocrx_word' id='word_1_161' title='bbox 855 2279 938 2354; x_wconf 87' lang='lat' dir='ltr'><em>lnpos</em></span> <span class='ocrx_word' id='word_1_162' title='bbox 963 2280 1106 2335; x_wconf 81' lang='lat' dir='ltr'><em>Dcnrnnus</em></span> <span class='ocrx_word' id='word_1_163' title='bbox 1129 2279 1273 2355; x_wconf 86' lang='lat' dir='ltr'><em>precipit:</em></span> <span class='ocrx_word' id='word_1_164' title='bbox 1306 2279 1368 2333; x_wconf 87' lang='lat' dir='ltr'><em>Sed</em></span> <span class='ocrx_word' id='word_1_165' title='bbox 1379 2298 1412 2332; x_wconf 83' lang='lat'><em>20</em></span> 
     </span>
     <span class='ocr_line' id='line_1_22' title="bbox 376 2366 1365 2442; baseline 0 -22"><span class='ocrx_word' id='word_1_166' title='bbox 376 2383 415 2420; x_wconf 78' lang='lat' dir='ltr'><em>es·</em></span> <span class='ocrx_word' id='word_1_167' title='bbox 436 2366 587 2440; x_wconf 81' lang='lat' dir='ltr'><em>fructibus</em></span> <span class='ocrx_word' id='word_1_168' title='bbox 618 2385 728 2434; x_wconf 87' lang='lat' dir='ltr'><em>corunt,</em></span> <span class='ocrx_word' id='word_1_169' title='bbox 758 2366 857 2440; x_wconf 91' lang='lat' dir='ltr'><em>inquit,</em></span> <span class='ocrx_word' id='word_1_170' title='bbox 886 2367 1066 2442; x_wconf 75' lang='lat' dir='ltr'><em>cognoscetis</em></span> <span class='ocrx_word' id='word_1_171' title='bbox 1094 2385 1150 2422; x_wconf 88' lang='lat' dir='ltr'><em>eos.</em></span> <span class='ocrx_word' id='word_1_172' title='bbox 1190 2367 1263 2422; x_wconf 88' lang='lat' dir='ltr'><em>Cum</em></span> <span class='ocrx_word' id='word_1_173' title='bbox 1289 2366 1365 2421; x_wconf 88' lang='lat' dir='ltr'><em>enim</em></span> 
     </span>
     <span class='ocr_line' id='line_1_23' title="bbox 375 2453 1369 2530; baseline -0.001 -23"><span class='ocrx_word' id='word_1_174' title='bbox 375 2453 503 2529; x_wconf 89' lang='lat' dir='ltr'><em>ceperint</em></span> <span class='ocrx_word' id='word_1_175' title='bbox 537 2454 679 2527; x_wconf 84' lang='lat' dir='ltr'><em>aliquibus</em></span> <span class='ocrx_word' id='word_1_176' title='bbox 713 2454 951 2530; x_wconf 90' lang='lat' dir='ltr'><em>temptacionibus</em></span> <span class='ocrx_word' id='word_1_177' title='bbox 983 2472 1015 2509; x_wconf 89' lang='lat' dir='ltr'><em>ca</em></span> <span class='ocrx_word' id='word_1_178' title='bbox 1049 2454 1111 2528; x_wconf 90' lang='lat' dir='ltr'><em>ipsa</em></span> <span class='ocrx_word' id='word_1_179' title='bbox 1139 2455 1198 2510; x_wconf 91' lang='lat' dir='ltr'><em>illis</em></span> <span class='ocrx_word' id='word_1_180' title='bbox 1228 2453 1369 2510; x_wconf 83' lang='lat' dir='ltr'><em>subtrahi</em></span> 
     </span>
     <span class='ocr_line' id='line_1_24' title="bbox 377 2540 1364 2616; baseline 0.001 -23"><span class='ocrx_word' id='word_1_181' title='bbox 377 2541 422 2596; x_wconf 87' lang='lat' dir='ltr'><em>uel</em></span> <span class='ocrx_word' id='word_1_182' title='bbox 445 2540 552 2616; x_wconf 69' lang='lat' dir='ltr'><em>»segari</em></span> <span class='ocrx_word' id='word_1_183' title='bbox 575 2559 629 2615; x_wconf 92' lang='lat' dir='ltr'><em>que</em></span> <span class='ocrx_word' id='word_1_184' title='bbox 651 2542 705 2597; x_wconf 92' lang='lat' dir='ltr'><em>isto</em></span> <span class='ocrx_word' id='word_1_185' title='bbox 731 2541 871 2596; x_wconf 87' lang='lat' dir='ltr'><em>uelamine</em></span> <span class='ocrx_word' id='word_1_186' title='bbox 899 2542 945 2596; x_wconf 85' lang='lat' dir='ltr'><em>uel</em></span> <span class='ocrx_word' id='word_1_187' title='bbox 968 2541 1112 2597; x_wconf 85' lang='lat' dir='ltr'><em>consecuti</em></span> <span class='ocrx_word' id='word_1_188' title='bbox 1134 2552 1199 2596; x_wconf 91' lang='lat' dir='ltr'><em>sunt</em></span> <span class='ocrx_word' id='word_1_189' title='bbox 1225 2543 1271 2597; x_wconf 86' lang='lat' dir='ltr'><em>uel</em></span> <span class='ocrx_word' id='word_1_190' title='bbox 1295 2559 1364 2597; x_wconf 90' lang='lat' dir='ltr'><em>con-</em></span> 
     </span>
     <span class='ocr_line' id='line_1_25' title="bbox 375 2627 1364 2703; baseline 0.001 -21"><span class='ocrx_word' id='word_1_191' title='bbox 375 2627 456 2701; x_wconf 85' lang='lat' dir='ltr'><em>sequi</em></span> <span class='ocrx_word' id='word_1_192' title='bbox 477 2627 603 2701; x_wconf 90' lang='lat' dir='ltr'><em>cupiunt,</em></span> <span class='ocrx_word' id='word_1_193' title='bbox 628 2640 694 2683; x_wconf 79' lang='lat' dir='ltr'><em>tinec</em></span> <span class='ocrx_word' id='word_1_194' title='bbox 719 2647 832 2684; x_wconf 89' lang='lat' dir='ltr'><em>necesse</em></span> <span class='ocrx_word' id='word_1_195' title='bbox 854 2638 897 2684; x_wconf 89' lang='lat' dir='ltr'><em>est</em></span> <span class='ocrx_word' id='word_1_196' title='bbox 921 2639 949 2682; x_wconf 92' lang='lat' dir='ltr'><em>nt</em></span> <span class='ocrx_word' id='word_1_197' title='bbox 974 2640 1127 2703; x_wconf 85' lang='lat' dir='ltr'><em>appareat,</em></span> <span class='ocrx_word' id='word_1_198' title='bbox 1151 2640 1249 2684; x_wconf 90' lang='lat' dir='ltr'><em>utrmn</em></span> <span class='ocrx_word' id='word_1_199' title='bbox 1275 2629 1364 2703; x_wconf 92' lang='lat' dir='ltr'><em>lupus</em></span> 
     </span>
     <span class='ocr_line' id='line_1_26' title="bbox 376 2714 1410 2791; baseline 0 -23"><span class='ocrx_word' id='word_1_200' title='bbox 376 2714 403 2768; x_wconf 89' lang='lat' dir='ltr'><em>in</em></span> <span class='ocrx_word' id='word_1_201' title='bbox 427 2715 511 2769; x_wconf 83' lang='lat' dir='ltr'><em>onina</em></span> <span class='ocrx_word' id='word_1_202' title='bbox 532 2715 610 2789; x_wconf 84' lang='lat' dir='ltr'><em>pelle</em></span> <span class='ocrx_word' id='word_1_203' title='bbox 637 2715 673 2770; x_wconf 88' lang='lat' dir='ltr'><em>sit</em></span> <span class='ocrx_word' id='word_1_204' title='bbox 697 2734 733 2770; x_wconf 89' lang='lat' dir='ltr'><em>an</em></span> <span class='ocrx_word' id='word_1_205' title='bbox 758 2716 819 2770; x_wconf 83' lang='lat' dir='ltr'><em>ouis</em></span> <span class='ocrx_word' id='word_1_206' title='bbox 846 2716 873 2770; x_wconf 91' lang='lat' dir='ltr'><em>in</em></span> <span class='ocrx_word' id='word_1_207' title='bbox 903 2734 964 2770; x_wconf 90' lang='lat' dir='ltr'><em>soa.</em></span> <span class='ocrx_word' id='word_1_208' title='bbox 995 2716 1060 2770; x_wconf 88' lang='lat' dir='ltr'><em>Non</em></span> <span class='ocrx_word' id='word_1_209' title='bbox 1084 2727 1178 2770; x_wconf 89' lang='lat' dir='ltr'><em>antem</em></span> <span class='ocrx_word' id='word_1_210' title='bbox 1199 2720 1410 2791; x_wconf 74' lang='lat' dir='ltr'><em>propterea25</em></span> 
     </span>
     <span class='ocr_line' id='line_1_27' title="bbox 376 2802 1367 2878; baseline 0.003 -25"><span class='ocrx_word' id='word_1_211' title='bbox 376 2812 481 2856; x_wconf 85' lang='lat' dir='ltr'><em>ornatu</em></span> <span class='ocrx_word' id='word_1_212' title='bbox 525 2802 672 2878; x_wconf 85' lang='lat' dir='ltr'><em>superfluo</em></span> <span class='ocrx_word' id='word_1_213' title='bbox 719 2803 800 2858; x_wconf 90' lang='lat' dir='ltr'><em>debet</em></span> <span class='ocrx_word' id='word_1_214' title='bbox 845 2804 1000 2878; x_wconf 88' lang='lat' dir='ltr'><em>adspectus</em></span> <span class='ocrx_word' id='word_1_215' title='bbox 1042 2803 1188 2858; x_wconf 79' lang='lat' dir='ltr'><em>leontinum</em></span> <span class='ocrx_word' id='word_1_216' title='bbox 1233 2804 1367 2859; x_wconf 76' lang='lat' dir='ltr'><em>nittlcere</em></span> 
     </span>
     <span class='ocr_line' id='line_1_28' title="bbox 376 2888 1365 2965; baseline 0 -22"><span class='ocrx_word' id='word_1_217' title='bbox 376 2888 561 2957; x_wconf 72' lang='lat' dir='ltr'><em>christianin,</em></span> <span class='ocrx_word' id='word_1_218' title='bbox 595 2890 660 2964; x_wconf 93' lang='lat' dir='ltr'><em>qnia</em></span> <span class='ocrx_word' id='word_1_219' title='bbox 689 2890 770 2945; x_wconf 91' lang='lat' dir='ltr'><em>illum</em></span> <span class='ocrx_word' id='word_1_220' title='bbox 796 2908 920 2965; x_wconf 90' lang='lat' dir='ltr'><em>parcum</em></span> <span class='ocrx_word' id='word_1_221' title='bbox 950 2891 1078 2945; x_wconf 84' lang='lat' dir='ltr'><em>habitum</em></span> <span class='ocrx_word' id='word_1_222' title='bbox 1108 2909 1142 2945; x_wconf 92' lang='lat' dir='ltr'><em>ac</em></span> <span class='ocrx_word' id='word_1_223' title='bbox 1165 2891 1365 2946; x_wconf 90' lang='lat' dir='ltr'><em>necessarium</em></span> 
     </span>
     <span class='ocr_line' id='line_1_29' title="bbox 376 2975 1366 3054; baseline 0 -23"><span class='ocrx_word' id='word_1_224' title='bbox 376 2976 466 3031; x_wconf 86' lang='lat' dir='ltr'><em>eciam</em></span> <span class='ocrx_word' id='word_1_225' title='bbox 495 2975 680 3032; x_wconf 89' lang='lat' dir='ltr'><em>simulatores</em></span> <span class='ocrx_word' id='word_1_226' title='bbox 707 2995 774 3053; x_wconf 88' lang='lat' dir='ltr'><em>sepe</em></span> <span class='ocrx_word' id='word_1_227' title='bbox 802 2989 954 3052; x_wconf 87' lang='lat' dir='ltr'><em>usurpant,</em></span> <span class='ocrx_word' id='word_1_228' title='bbox 988 2989 1017 3031; x_wconf 92' lang='lat' dir='ltr'><em>ut</em></span> <span class='ocrx_word' id='word_1_229' title='bbox 1046 2979 1175 3033; x_wconf 90' lang='lat' dir='ltr'><em>incantos</em></span> <span class='ocrx_word' id='word_1_230' title='bbox 1204 2978 1366 3054; x_wconf 82' lang='lat' dir='ltr'><em>decipiant,</em></span> 
     </span>
     <span class='ocr_line' id='line_1_30' title="bbox 376 3063 1365 3140; baseline 0.003 -24"><span class='ocrx_word' id='word_1_231' title='bbox 376 3063 441 3135; x_wconf 92' lang='lat' dir='ltr'><em>qnia</em></span> <span class='ocrx_word' id='word_1_232' title='bbox 466 3074 492 3116; x_wconf 88' lang='lat' dir='ltr'><em>et</em></span> <span class='ocrx_word' id='word_1_233' title='bbox 516 3063 565 3118; x_wconf 91' lang='lat' dir='ltr'><em>ille</em></span> <span class='ocrx_word' id='word_1_234' title='bbox 587 3081 655 3119; x_wconf 85' lang='lat' dir='ltr'><em>oues</em></span> <span class='ocrx_word' id='word_1_235' title='bbox 678 3083 732 3119; x_wconf 89' lang='lat' dir='ltr'><em>mm</em></span> <span class='ocrx_word' id='word_1_236' title='bbox 757 3066 857 3120; x_wconf 87' lang='lat' dir='ltr'><em>debent</em></span> <span class='ocrx_word' id='word_1_237' title='bbox 880 3065 1024 3140; x_wconf 85' lang='lat' dir='ltr'><em>deponere</em></span> <span class='ocrx_word' id='word_1_238' title='bbox 1044 3066 1136 3140; x_wconf 87' lang='lat' dir='ltr'><em>pelles</em></span> <span class='ocrx_word' id='word_1_239' title='bbox 1158 3084 1236 3133; x_wconf 89' lang='lat' dir='ltr'><em>suas,</em></span> <span class='ocrx_word' id='word_1_240' title='bbox 1259 3066 1286 3120; x_wconf 92' lang='lat' dir='ltr'><em>si</em></span> <span class='ocrx_word' id='word_1_241' title='bbox 1308 3065 1365 3119; x_wconf 89' lang='lat' dir='ltr'><em>ali-</em></span> 
     </span>
     <span class='ocr_line' id='line_1_31' title="bbox 377 3150 1414 3227; baseline 0.005 -24"><span class='ocrx_word' id='word_1_242' title='bbox 377 3151 491 3223; x_wconf 89' lang='lat' dir='ltr'><em>qnando</em></span> <span class='ocrx_word' id='word_1_243' title='bbox 514 3150 554 3205; x_wconf 93' lang='lat' dir='ltr'><em>eis</em></span> <span class='ocrx_word' id='word_1_244' title='bbox 577 3151 639 3226; x_wconf 91' lang='lat' dir='ltr'><em>lupi</em></span> <span class='ocrx_word' id='word_1_245' title='bbox 660 3170 691 3206; x_wconf 88' lang='lat' dir='ltr'><em>se</em></span> <span class='ocrx_word' id='word_1_246' title='bbox 713 3163 876 3227; x_wconf 72' lang='lat' dir='ltr'><em>contegant.</em></span> <span class='ocrx_word' id='word_1_247' title='bbox 1379 3161 1414 3208; x_wconf 74' lang='lat'><em>30</em></span> 
     </span>
     <span class='ocr_line' id='line_1_32' title="bbox 165 3237 1366 3320; baseline 0.008 -37"><span class='ocrx_word' id='word_1_248' title='bbox 165 3242 201 3284; x_wconf 75' lang='lat'><em>‘1&#39;0</em></span> <span class='ocrx_word' id='word_1_249' title='bbox 217 3242 295 3320; x_wconf 74' lang='lat' dir='ltr'><em>anaim</em></span> <span class='ocrx_word' id='word_1_250' title='bbox 311 3255 355 3285; x_wconf 80' lang='lat' dir='ltr'><em>our</em></span> <span class='ocrx_word' id='word_1_251' title='bbox 425 3238 517 3304; x_wconf 88' lang='lat' dir='ltr'><em>Queri</em></span> <span class='ocrx_word' id='word_1_252' title='bbox 539 3237 632 3313; x_wconf 68' lang='lat' dir='ltr'><em>igitur</em></span> <span class='ocrx_word' id='word_1_253' title='bbox 654 3239 726 3294; x_wconf 89' lang='lat' dir='ltr'><em>solet</em></span> <span class='ocrx_word' id='word_1_254' title='bbox 751 3239 819 3312; x_wconf 88' lang='lat' dir='ltr'><em>qnid</em></span> <span class='ocrx_word' id='word_1_255' title='bbox 841 3239 877 3293; x_wconf 87' lang='lat' dir='ltr'><em>sit</em></span> <span class='ocrx_word' id='word_1_256' title='bbox 901 3240 978 3313; x_wconf 87' lang='lat' dir='ltr'><em>quod</em></span> <span class='ocrx_word' id='word_1_257' title='bbox 1001 3240 1056 3294; x_wconf 86' lang='lat' dir='ltr'><em>ait:</em></span> <span class='ocrx_word' id='word_1_258' title='bbox 1091 3239 1144 3294; x_wconf 83' lang='lat' dir='ltr'><em>Vos</em></span> <span class='ocrx_word' id='word_1_259' title='bbox 1171 3250 1267 3294; x_wconf 90' lang='lat' dir='ltr'><em>antem</em></span> <span class='ocrx_word' id='word_1_260' title='bbox 1297 3257 1366 3294; x_wconf 89' lang='lat' dir='ltr'><em>cnm</em></span> 
     </span>
     <span class='ocr_line' id='line_1_33' title="bbox 166 3295 1367 3401; baseline -0.007 -12"><span class='ocrx_word' id='word_1_261' title='bbox 166 3295 359 3391; x_wconf 57' lang='lat' dir='ltr'><em>meiiidnili&#39;a,</em></span> <span class='ocrx_word' id='word_1_262' title='bbox 377 3324 517 3392; x_wconf 74' lang='lat' dir='ltr'><em>ieiunatis,</em></span> <span class='ocrx_word' id='word_1_263' title='bbox 551 3325 651 3400; x_wconf 75' lang='lat' dir='ltr'><em>ungite</em></span> <span class='ocrx_word' id='word_1_264' title='bbox 683 3327 776 3401; x_wconf 87' lang='lat' dir='ltr'><em>capita</em></span> <span class='ocrx_word' id='word_1_265' title='bbox 811 3337 907 3381; x_wconf 84' lang='lat' dir='ltr'><em>uestra</em></span> <span class='ocrx_word' id='word_1_266' title='bbox 940 3337 967 3382; x_wconf 89' lang='lat' dir='ltr'><em>et</em></span> <span class='ocrx_word' id='word_1_267' title='bbox 987 3326 1086 3401; x_wconf 84' lang='lat' dir='ltr'><em>jacies</em></span> <span class='ocrx_word' id='word_1_268' title='bbox 1116 3339 1227 3382; x_wconf 85' lang='lat' dir='ltr'><em>uestras</em></span> <span class='ocrx_word' id='word_1_269' title='bbox 1255 3327 1367 3393; x_wconf 75' lang='lat' dir='ltr'><em>lavate,</em></span> 
     </span>
     <span class='ocr_line' id='line_1_34' title="bbox 199 3404 1367 3506; baseline 0.003 -42"><span class='ocrx_word' id='word_1_270' title='bbox 199 3404 334 3506; x_wconf 50' lang='lat' dir='ltr'><em>³jsgv{.3n¹‡¹f¹</em></span> <span class='ocrx_word' id='word_1_271' title='bbox 378 3430 412 3466; x_wconf 85' lang='lat' dir='ltr'><em>ne</em></span> <span class='ocrx_word' id='word_1_272' title='bbox 436 3412 592 3466; x_wconf 81' lang='lat' dir='ltr'><em>rideamini</em></span> <span class='ocrx_word' id='word_1_273' title='bbox 614 3413 649 3466; x_wconf 94' lang='lat' dir='ltr'><em>ab</em></span> <span class='ocrx_word' id='word_1_274' title='bbox 674 3413 834 3468; x_wconf 82' lang='lat' dir='ltr'><em>hominibus</em></span> <span class='ocrx_word' id='word_1_275' title='bbox 855 3414 1019 3471; x_wconf 86' lang='lat' dir='ltr'><em>ieiunantes¹</em></span> <span class='ocrx_word' id='word_1_276' title='bbox 1047 3415 1112 3468; x_wconf 85' lang='lat' dir='ltr'><em>Non</em></span> <span class='ocrx_word' id='word_1_277' title='bbox 1129 3415 1201 3469; x_wconf 85' lang='lat' dir='ltr'><em>enim</em></span> <span class='ocrx_word' id='word_1_278' title='bbox 1220 3413 1367 3488; x_wconf 89' lang='lat' dir='ltr'><em>quispiam</em></span> 
     </span>
     <span class='ocr_line' id='line_1_35' title="bbox 236 3498 1370 3575; baseline 0.004 -24"><span class='ocrx_word' id='word_1_279' title='bbox 236 3500 241 3508; x_wconf 85' lang='lat'>&#39;</span> <span class='ocrx_word' id='word_1_280' title='bbox 294 3498 300 3509; x_wconf 76' lang='lat'><strong><em>‘</em></strong></span> <span class='ocrx_word' id='word_1_281' title='bbox 378 3510 455 3554; x_wconf 90' lang='lat' dir='ltr'><em>recte</em></span> <span class='ocrx_word' id='word_1_282' title='bbox 476 3500 650 3574; x_wconf 86' lang='lat' dir='ltr'><em>preceperit,</em></span> <span class='ocrx_word' id='word_1_283' title='bbox 683 3501 815 3573; x_wconf 85' lang='lat' dir='ltr'><em>qnatnuis</em></span> <span class='ocrx_word' id='word_1_284' title='bbox 835 3501 948 3575; x_wconf 77' lang='lat' dir='ltr'><em>faciem</em></span> <span class='ocrx_word' id='word_1_285' title='bbox 979 3501 1123 3556; x_wconf 88' lang='lat' dir='ltr'><em>cotidiana</em></span> <span class='ocrx_word' id='word_1_286' title='bbox 1157 3502 1370 3556; x_wconf 88' lang='lat' dir='ltr'><em>consuetudine</em></span> 
     </span>
     <span class='ocr_line' id='line_1_36' title="bbox 378 3586 1415 3662; baseline 0.005 -23"><span class='ocrx_word' id='word_1_287' title='bbox 378 3586 518 3649; x_wconf 79' lang='lat' dir='ltr'><em>lavemus,</em></span> <span class='ocrx_word' id='word_1_288' title='bbox 542 3586 633 3642; x_wconf 81' lang='lat' dir='ltr'><em>mutis</em></span> <span class='ocrx_word' id='word_1_289' title='bbox 657 3588 746 3643; x_wconf 88' lang='lat' dir='ltr'><em>eciam</em></span> <span class='ocrx_word' id='word_1_290' title='bbox 771 3588 913 3662; x_wconf 88' lang='lat' dir='ltr'><em>capitibus</em></span> <span class='ocrx_word' id='word_1_291' title='bbox 937 3608 1000 3644; x_wconf 82' lang='lat' dir='ltr'><em>curn</em></span> <span class='ocrx_word' id='word_1_292' title='bbox 1026 3589 1194 3656; x_wconf 82' lang='lat' dir='ltr'><em>ieiunemus,</em></span> <span class='ocrx_word' id='word_1_293' title='bbox 1224 3607 1278 3644; x_wconf 90' lang='lat' dir='ltr'><em>nos</em></span> <span class='ocrx_word' id='word_1_294' title='bbox 1302 3595 1415 3646; x_wconf 73' lang='lat' dir='ltr'><em>esse35</em></span> 
     </span>
     <span class='ocr_line' id='line_1_37' title="bbox 378 3674 1368 3753; baseline 0.005 -27"><span class='ocrx_word' id='word_1_295' title='bbox 378 3674 489 3728; x_wconf 88' lang='lat' dir='ltr'><em>debere.</em></span> <span class='ocrx_word' id='word_1_296' title='bbox 513 3674 599 3740; x_wconf 84' lang='lat' dir='ltr'><em>Quod</em></span> <span class='ocrx_word' id='word_1_297' title='bbox 615 3674 640 3728; x_wconf 88' lang='lat' dir='ltr'><em>si</em></span> <span class='ocrx_word' id='word_1_298' title='bbox 655 3675 854 3750; x_wconf 91' lang='lat' dir='ltr'><em>turpissimum</em></span> <span class='ocrx_word' id='word_1_299' title='bbox 872 3695 970 3731; x_wconf 71' lang='lat' dir='ltr'><em>‹rrrtnes</em></span> <span class='ocrx_word' id='word_1_300' title='bbox 975 3678 1123 3750; x_wconf 80' lang='lat' dir='ltr'><em>fatentur,</em></span> <span class='ocrx_word' id='word_1_301' title='bbox 1140 3677 1368 3753; x_wconf 79' lang='lat' dir='ltr'><em>intelligendum</em></span> 
     </span>
     <span class='ocr_line' id='line_1_38' title="bbox 377 3761 1370 3838; baseline 0.005 -25"><span class='ocrx_word' id='word_1_302' title='bbox 377 3771 418 3814; x_wconf 90' lang='lat' dir='ltr'><em>est</em></span> <span class='ocrx_word' id='word_1_303' title='bbox 450 3761 503 3816; x_wconf 86' lang='lat' dir='ltr'><em>ltoe</em></span> <span class='ocrx_word' id='word_1_304' title='bbox 528 3773 697 3836; x_wconf 89' lang='lat' dir='ltr'><em>preceptum</em></span> <span class='ocrx_word' id='word_1_305' title='bbox 728 3764 855 3838; x_wconf 70' lang='lat' dir='ltr'><em>ungendi</em></span> <span class='ocrx_word' id='word_1_306' title='bbox 882 3770 967 3838; x_wconf 76' lang='lat' dir='ltr'><em>capiet</em></span> <span class='ocrx_word' id='word_1_307' title='bbox 991 3775 1017 3818; x_wconf 86' lang='lat' dir='ltr'><em>et</em></span> <span class='ocrx_word' id='word_1_308' title='bbox 1034 3764 1146 3838; x_wconf 80' lang='lat' dir='ltr'><em>faciem</em></span> <span class='ocrx_word' id='word_1_309' title='bbox 1176 3764 1300 3819; x_wconf 74' lang='lat' dir='ltr'><em>lavanti</em></span> <span class='ocrx_word' id='word_1_310' title='bbox 1327 3766 1370 3818; x_wconf 85' lang='lat' dir='ltr'><em>ad</em></span> 
     </span>
     <span class='ocr_line' id='line_1_39' title="bbox 377 3845 1467 3929; baseline 0.008 -30"><span class='ocrx_word' id='word_1_311' title='bbox 377 3846 543 3902; x_wconf 86' lang='lat' dir='ltr'><em>interiorem</em></span> <span class='ocrx_word' id='word_1_312' title='bbox 569 3848 711 3904; x_wconf 84' lang='lat' dir='ltr'><em>ltonu&#39;nem</em></span> <span class='ocrx_word' id='word_1_313' title='bbox 733 3845 736 3929; x_wconf 64' lang='lat' dir='ltr'><em>l</em></span> <span class='ocrx_word' id='word_1_314' title='bbox 755 3851 910 3924; x_wconf 86' lang='lat' dir='ltr'><em>pertinere.</em></span> <span class='ocrx_word' id='word_1_315' title='bbox 945 3852 1063 3926; x_wconf 65' lang='lat' dir='ltr'><em>[fugere</em></span> <span class='ocrx_word' id='word_1_316' title='bbox 1090 3851 1184 3926; x_wconf 74' lang='lat' dir='ltr'><em>igitur</em></span> <span class='ocrx_word' id='word_1_317' title='bbox 1212 3862 1301 3926; x_wconf 89' lang='lat' dir='ltr'><em>caput</em></span> <span class='ocrx_word' id='word_1_318' title='bbox 1327 3852 1370 3906; x_wconf 87' lang='lat' dir='ltr'><em>ad</em></span> <span class='ocrx_word' id='word_1_319' title='bbox 1401 3857 1467 3924; x_wconf 61' lang='lat'><em>387⁵</em></span> 
     </span>
     <span class='ocr_line' id='line_1_40' title="bbox 378 3934 1368 4012; baseline 0.007 -25"><span class='ocrx_word' id='word_1_320' title='bbox 378 3934 500 3989; x_wconf 89' lang='lat' dir='ltr'><em>leticiam</em></span> <span class='ocrx_word' id='word_1_321' title='bbox 522 3936 659 4008; x_wconf 89' lang='lat' dir='ltr'><em>pertinet,</em></span> <span class='ocrx_word' id='word_1_322' title='bbox 683 3937 785 3992; x_wconf 84' lang='lat' dir='ltr'><em>lauare</em></span> <span class='ocrx_word' id='word_1_323' title='bbox 807 3950 902 3993; x_wconf 91' lang='lat' dir='ltr'><em>autem</em></span> <span class='ocrx_word' id='word_1_324' title='bbox 920 3939 1032 4012; x_wconf 81' lang='lat' dir='ltr'><em>sociem</em></span> <span class='ocrx_word' id='word_1_325' title='bbox 1057 3939 1097 3992; x_wconf 91' lang='lat' dir='ltr'><em>ad</em></span> <span class='ocrx_word' id='word_1_326' title='bbox 1119 3939 1316 4003; x_wconf 86' lang='lat' dir='ltr'><em>ntundiciam‚·</em></span> <span class='ocrx_word' id='word_1_327' title='bbox 1340 3951 1368 3994; x_wconf 90' lang='lat' dir='ltr'><em>et</em></span> 
     </span>
    </p>
   </div>
   <div class='ocr_carea' id='block_1_3' title="bbox 377 4021 1418 4099">
    <p class='ocr_par' dir='ltr' id='par_1_3' title="bbox 377 4021 1418 4099">
     <span class='ocr_line' id='line_1_41' title="bbox 377 4021 1418 4099; baseline 0.009 -25"><span class='ocrx_word' id='word_1_328' title='bbox 377 4021 440 4075; x_wconf 88' lang='lat' dir='ltr'><em>ideo</em></span> <span class='ocrx_word' id='word_1_329' title='bbox 464 4032 549 4097; x_wconf 82' lang='lat' dir='ltr'><em>caput</em></span> <span class='ocrx_word' id='word_1_330' title='bbox 577 4024 668 4098; x_wconf 73' lang='lat' dir='ltr'><em>irrepit,</em></span> <span class='ocrx_word' id='word_1_331' title='bbox 696 4025 745 4098; x_wconf 90' lang='lat' dir='ltr'><em>qui</em></span> <span class='ocrx_word' id='word_1_332' title='bbox 772 4025 879 4080; x_wconf 87' lang='lat' dir='ltr'><em>letatur</em></span> <span class='ocrx_word' id='word_1_333' title='bbox 906 4026 1026 4080; x_wconf 88' lang='lat' dir='ltr'><em>interius</em></span> <span class='ocrx_word' id='word_1_334' title='bbox 1059 4037 1151 4081; x_wconf 83' lang='lat' dir='ltr'><em>tnertte</em></span> <span class='ocrx_word' id='word_1_335' title='bbox 1178 4037 1204 4080; x_wconf 91' lang='lat' dir='ltr'><em>et</em></span> <span class='ocrx_word' id='word_1_336' title='bbox 1234 4027 1367 4082; x_wconf 89' lang='lat' dir='ltr'><em>racione.</em></span> <span class='ocrx_word' id='word_1_337' title='bbox 1379 4053 1418 4099; x_wconf 80' lang='lat'><em>40</em></span> 
     </span>
    </p>
   </div>
   <div class='ocr_carea' id='block_1_4' title="bbox 376 4242 1371 4363">
    <p class='ocr_par' dir='ltr' id='par_1_4' title="bbox 376 4242 1371 4363">
     <span class='ocr_line' id='line_1_42' title="bbox 428 4242 1371 4295; baseline 0.006 -12"><span class='ocrx_word' id='word_1_338' title='bbox 428 4242 649 4295; x_wconf 41' lang='lat' dir='ltr'><em>umbrosamne.</em></span> <span class='ocrx_word' id='word_1_339' title='bbox 720 4256 735 4286; x_wconf 80' lang='lat' dir='ltr'><em>tt</em></span> <span class='ocrx_word' id='word_1_340' title='bbox 762 4245 870 4287; x_wconf 72' lang='lat' dir='ltr'><em>ozenna</em></span> <span class='ocrx_word' id='word_1_341' title='bbox 886 4247 957 4287; x_wconf 74' lang='lat' dir='ltr'><em>deest.</em></span> <span class='ocrx_word' id='word_1_342' title='bbox 1025 4246 1162 4287; x_wconf 62' lang='lat' dir='ltr'><em>sultzen.</em></span> <span class='ocrx_word' id='word_1_343' title='bbox 1235 4247 1371 4294; x_wconf 74' lang='lat' dir='ltr'><em>24.A:ul</em></span> 
     </span>
     <span class='ocr_line' id='line_1_43' title="bbox 376 4291 1125 4363; baseline 0.008 -30"><span class='ocrx_word' id='word_1_344' title='bbox 376 4291 440 4334; x_wconf 84' lang='lat' dir='ltr'><em>deest</em></span> <span class='ocrx_word' id='word_1_345' title='bbox 504 4293 536 4335; x_wconf 78' lang='lat'><em>25.</em></span> <span class='ocrx_word' id='word_1_346' title='bbox 554 4294 583 4335; x_wconf 72' lang='lat' dir='ltr'><em>tt:</em></span> <span class='ocrx_word' id='word_1_347' title='bbox 597 4301 696 4348; x_wconf 79' lang='lat' dir='ltr'><em>propter</em></span> <span class='ocrx_word' id='word_1_348' title='bbox 708 4308 740 4363; x_wconf 66' lang='lat' dir='ltr'><em>se.</em></span> <span class='ocrx_word' id='word_1_349' title='bbox 796 4295 824 4338; x_wconf 70' lang='lat'><em>3«.</em></span> <span class='ocrx_word' id='word_1_350' title='bbox 840 4300 861 4339; x_wconf 76' lang='lat' dir='ltr'>A</span> <span class='ocrx_word' id='word_1_351' title='bbox 877 4298 898 4340; x_wconf 90' lang='lat' dir='ltr'><em>in</em></span> <span class='ocrx_word' id='word_1_352' title='bbox 916 4311 981 4351; x_wconf 75' lang='lat' dir='ltr'><em>umrg</em></span> <span class='ocrx_word' id='word_1_353' title='bbox 998 4315 1001 4340; x_wconf 92' lang='lat'>:</span> <span class='ocrx_word' id='word_1_354' title='bbox 1020 4298 1125 4354; x_wconf 76' lang='lat' dir='ltr'><em>Questio.</em></span> 
     </span>
    </p>
   </div>
   <div class='ocr_carea' id='block_1_5' title="bbox 428 4401 712 4463">
    <p class='ocr_par' dir='ltr' id='par_1_5' title="bbox 428 4401 712 4463">
     <span class='ocr_line' id='line_1_44' title="bbox 428 4401 712 4463; baseline 0.014 -14"><span class='ocrx_word' id='word_1_355' title='bbox 428 4417 468 4450; x_wconf 83' lang='lat'><em>21.</em></span> <span class='ocrx_word' id='word_1_356' title='bbox 488 4401 576 4450; x_wconf 77' lang='lat' dir='ltr'><em>otnnh.</em></span> <span class='ocrx_word' id='word_1_357' title='bbox 598 4404 650 4463; x_wconf 82' lang='lat' dir='ltr'><em>VII,</em></span> <span class='ocrx_word' id='word_1_358' title='bbox 674 4403 712 4453; x_wconf 79' lang='lat'><em>16.</em></span> 
     </span>
    </p>
   </div>
   <div class='ocr_carea' id='block_1_6' title="bbox 0 0 1547 5138">
    <p class='ocr_par' dir='ltr' id='par_1_6' title="bbox 0 0 1547 5138">
     <span class='ocr_line' id='line_1_45' title="bbox 0 0 1547 5138; baseline 0 0"><span class='ocrx_word' id='word_1_359' title='bbox 0 0 1547 5138; x_wconf 95' lang='lat' dir='ltr'><em> </em></span> 
     </span>
    </p>
   </div>
  </div>
 </body>
</html>
