<?xml version="1.0" encoding="UTF-8"?>
<!DOCTYPE html PUBLIC "-//W3C//DTD XHTML 1.0 Transitional//EN"
    "http://www.w3.org/TR/xhtml1/DTD/xhtml1-transitional.dtd">
<html xmlns="http://www.w3.org/1999/xhtml" xml:lang="en" lang="en">
 <head>
  <title>
</title>
<meta http-equiv="Content-Type" content="text/html;charset=utf-8" />
  <meta name='ocr-system' content='tesseract 3.04.00' />
  <meta name='ocr-capabilities' content='ocr_page ocr_carea ocr_par ocr_line ocrx_word'/>
</head>
<body>
  <div class='ocr_page' id='page_1' title='image "./iohanniswyclifo00wyclgoog_0436.png"; bbox 0 0 3082 5138; ppageno 0'>
   <div class='ocr_carea' id='block_1_1' title="bbox 166 500 793 582">
    <p class='ocr_par' dir='ltr' id='par_1_1' title="bbox 166 500 793 582">
     <span class='ocr_line' id='line_1_1' title="bbox 166 500 793 582; baseline 0.008 -21"><span class='ocrx_word' id='word_1_1' title='bbox 166 513 235 556; x_wconf 75' lang='lat' dir='ltr'>cau</span> <span class='ocrx_word' id='word_1_2' title='bbox 251 500 311 582; x_wconf 66' lang='grc' dir='ltr'><strong>ιιι-1</strong></span> <span class='ocrx_word' id='word_1_3' title='bbox 519 518 677 568; x_wconf 68' lang='lat' dir='ltr'>securum</span> <span class='ocrx_word' id='word_1_4' title='bbox 699 518 793 567; x_wconf 72' lang='lat' dir='ltr'>eius.</span> 
     </span>
    </p>
   </div>
   <div class='ocr_carea' id='block_1_2' title="bbox 142 677 1352 1453">
    <p class='ocr_par' dir='ltr' id='par_1_2' title="bbox 166 677 1154 752">
     <span class='ocr_line' id='line_1_2' title="bbox 166 677 1154 752; baseline -0.002 -17"><span class='ocrx_word' id='word_1_5' title='bbox 166 678 212 735; x_wconf 83' lang='lat' dir='ltr'>vel</span> <span class='ocrx_word' id='word_1_6' title='bbox 236 679 365 752; x_wconf 84' lang='lat' dir='ltr'>lucrum,</span> <span class='ocrx_word' id='word_1_7' title='bbox 389 691 421 734; x_wconf 91' lang='lat' dir='ltr'>ut</span> <span class='ocrx_word' id='word_1_8' title='bbox 438 677 550 734; x_wconf 86' lang='lat' dir='ltr'>heresis</span> <span class='ocrx_word' id='word_1_9' title='bbox 575 697 678 735; x_wconf 87' lang='lat' dir='ltr'>eorum</span> <span class='ocrx_word' id='word_1_10' title='bbox 697 681 734 735; x_wconf 90' lang='lat' dir='ltr'>de</span> <span class='ocrx_word' id='word_1_11' title='bbox 757 691 949 735; x_wconf 83' lang='lat' dir='ltr'>sacramento</span> <span class='ocrx_word' id='word_1_12' title='bbox 965 677 1077 745; x_wconf 83' lang='lat' dir='ltr'>altaris,</span> <span class='ocrx_word' id='word_1_13' title='bbox 1103 677 1154 733; x_wconf 90' lang='lat' dir='ltr'>ubi</span> 
     </span>
    </p>

    <p class='ocr_par' dir='ltr' id='par_1_3' title="bbox 166 764 1154 840">
     <span class='ocr_line' id='line_1_3' title="bbox 166 764 1154 840; baseline -0.003 -18"><span class='ocrx_word' id='word_1_14' title='bbox 166 768 336 823; x_wconf 90' lang='lat' dir='ltr'>concedunt</span> <span class='ocrx_word' id='word_1_15' title='bbox 354 765 561 823; x_wconf 83' lang='lat' dir='ltr'>sacerdotibus</span> <span class='ocrx_word' id='word_1_16' title='bbox 577 765 637 822; x_wconf 88' lang='lat' dir='ltr'>suis</span> <span class='ocrx_word' id='word_1_17' title='bbox 652 765 824 840; x_wconf 84' lang='lat' dir='ltr'><strong>potenciam</strong></span> <span class='ocrx_word' id='word_1_18' title='bbox 843 764 1154 822; x_wconf 82' lang='lat' dir='ltr'>transsubstanciaudi</span> 
     </span>
    </p>

    <p class='ocr_par' dir='ltr' id='par_1_4' title="bbox 142 852 1352 1190">
     <span class='ocr_line' id='line_1_4' title="bbox 166 852 1352 927; baseline -0.007 -18"><span class='ocrx_word' id='word_1_19' title='bbox 166 854 211 909; x_wconf 83' lang='lat' dir='ltr'>rel</span> <span class='ocrx_word' id='word_1_20' title='bbox 241 852 448 910; x_wconf 84' lang='lat' dir='ltr'>adnichilandi</span> <span class='ocrx_word' id='word_1_21' title='bbox 473 871 592 927; x_wconf 83' lang='lat' dir='ltr'>panem.</span> <span class='ocrx_word' id='word_1_22' title='bbox 621 855 696 909; x_wconf 90' lang='lat' dir='ltr'>Cum</span> <span class='ocrx_word' id='word_1_23' title='bbox 722 853 903 910; x_wconf 81' lang='lat' dir='ltr'>miraculum</span> <span class='ocrx_word' id='word_1_24' title='bbox 929 853 1008 909; x_wconf 91' lang='lat' dir='ltr'>istud</span> <span class='ocrx_word' id='word_1_25' title='bbox 1032 871 1093 908; x_wconf 89' lang='lat' dir='ltr'>non</span> <span class='ocrx_word' id='word_1_26' title='bbox 1117 852 1154 908; x_wconf 89' lang='lat' dir='ltr'>sit</span> <span class='ocrx_word' id='word_1_27' title='bbox 1178 860 1352 921; x_wconf 64' lang='lat' dir='ltr'>Transtiberin-</span> 
     </span>
     <span class='ocr_line' id='line_1_5' title="bbox 166 921 1314 1014; baseline -0.002 -18"><span class='ocrx_word' id='word_1_28' title='bbox 166 940 316 1012; x_wconf 88' lang='lat' dir='ltr'>sensibile,</span> <span class='ocrx_word' id='word_1_29' title='bbox 341 959 396 998; x_wconf 90' lang='lat' dir='ltr'>nec</span> <span class='ocrx_word' id='word_1_30' title='bbox 421 941 499 998; x_wconf 88' lang='lat' dir='ltr'>cedit</span> <span class='ocrx_word' id='word_1_31' title='bbox 523 942 561 997; x_wconf 88' lang='lat' dir='ltr'>ud</span> <span class='ocrx_word' id='word_1_32' title='bbox 586 943 697 996; x_wconf 90' lang='lat' dir='ltr'>bonum</span> <span class='ocrx_word' id='word_1_33' title='bbox 724 940 829 996; x_wconf 91' lang='lat' dir='ltr'>mundi</span> <span class='ocrx_word' id='word_1_34' title='bbox 851 940 911 996; x_wconf 89' lang='lat' dir='ltr'>sive</span> <span class='ocrx_word' id='word_1_35' title='bbox 929 939 1063 1012; x_wconf 83' lang='lat' dir='ltr'>ecclesie,</span> <span class='ocrx_word' id='word_1_36' title='bbox 1088 939 1155 1014; x_wconf 90' lang='lat' dir='ltr'>quis</span> <span class='ocrx_word' id='word_1_37' title='bbox 1222 921 1314 956; x_wconf 72' lang='lat'><strong>¹¹³¹¹⁰¹&#39;&#39;</strong></span> 
     </span>
     <span class='ocr_line' id='line_1_6' title="bbox 142 1026 1154 1102; baseline 0.003 -22"><span class='ocrx_word' id='word_1_38' title='bbox 142 1027 285 1085; x_wconf 68' lang='lat' dir='ltr'>§dubitat</span> <span class='ocrx_word' id='word_1_39' title='bbox 317 1027 390 1102; x_wconf 92' lang='lat' dir='ltr'>quin</span> <span class='ocrx_word' id='word_1_40' title='bbox 424 1027 461 1084; x_wconf 90' lang='lat' dir='ltr'>sit</span> <span class='ocrx_word' id='word_1_41' title='bbox 498 1027 690 1085; x_wconf 85' lang='lat' dir='ltr'>mendacium</span> <span class='ocrx_word' id='word_1_42' title='bbox 720 1027 888 1085; x_wconf 88' lang='lat' dir='ltr'>hereticum</span> <span class='ocrx_word' id='word_1_43' title='bbox 913 1047 966 1102; x_wconf 86' lang='lat' dir='ltr'>per</span> <span class='ocrx_word' id='word_1_44' title='bbox 990 1026 1154 1102; x_wconf 87' lang='lat' dir='ltr'>ypocrisim</span> 
     </span>
     <span class='ocr_line' id='line_1_7' title="bbox 167 1113 1155 1190; baseline -0.002 -18"><span class='ocrx_word' id='word_1_45' title='bbox 167 1115 344 1190; x_wconf 85' lang='lat' dir='ltr'>palliatum?</span> <span class='ocrx_word' id='word_1_46' title='bbox 368 1117 456 1173; x_wconf 85' lang='lat' dir='ltr'>Unde</span> <span class='ocrx_word' id='word_1_47' title='bbox 472 1116 495 1172; x_wconf 90' lang='lat' dir='ltr'>si</span> <span class='ocrx_word' id='word_1_48' title='bbox 513 1114 665 1173; x_wconf 84' lang='lat' dir='ltr'>sentencia</span> <span class='ocrx_word' id='word_1_49' title='bbox 678 1115 766 1171; x_wconf 91' lang='lat' dir='ltr'>huius</span> <span class='ocrx_word' id='word_1_50' title='bbox 776 1113 923 1172; x_wconf 86' lang='lat' dir='ltr'>iohannis</span> <span class='ocrx_word' id='word_1_51' title='bbox 935 1117 972 1172; x_wconf 91' lang='lat' dir='ltr'>de</span> <span class='ocrx_word' id='word_1_52' title='bbox 984 1113 1155 1171; x_wconf 87' lang='lat' dir='ltr'>christianis</span> 
     </span>
    </p>

    <p class='ocr_par' dir='ltr' id='par_1_5' title="bbox 167 1201 1155 1278">
     <span class='ocr_line' id='line_1_8' title="bbox 167 1201 1155 1278; baseline 0 -20"><span class='ocrx_word' id='word_1_53' title='bbox 167 1203 206 1258; x_wconf 92' lang='lat' dir='ltr'>sit</span> <span class='ocrx_word' id='word_1_54' title='bbox 238 1221 317 1274; x_wconf 85' lang='lat' dir='ltr'>vera,</span> <span class='ocrx_word' id='word_1_55' title='bbox 351 1216 433 1277; x_wconf 88' lang='lat' dir='ltr'>patet</span> <span class='ocrx_word' id='word_1_56' title='bbox 467 1205 549 1278; x_wconf 91' lang='lat' dir='ltr'>quod</span> <span class='ocrx_word' id='word_1_57' title='bbox 583 1203 671 1278; x_wconf 84' lang='lat' dir='ltr'>pauci</span> <span class='ocrx_word' id='word_1_58' title='bbox 704 1205 750 1260; x_wconf 88' lang='lat' dir='ltr'>vel</span> <span class='ocrx_word' id='word_1_59' title='bbox 789 1201 864 1259; x_wconf 89' lang='lat' dir='ltr'>nulli</span> <span class='ocrx_word' id='word_1_60' title='bbox 899 1204 935 1258; x_wconf 91' lang='lat' dir='ltr'>de</span> <span class='ocrx_word' id='word_1_61' title='bbox 968 1201 1031 1258; x_wconf 89' lang='lat' dir='ltr'>istis</span> <span class='ocrx_word' id='word_1_62' title='bbox 1066 1201 1155 1259; x_wconf 88' lang='lat' dir='ltr'>sectis</span> 
     </span>
    </p>

    <p class='ocr_par' dir='ltr' id='par_1_6' title="bbox 168 1289 1191 1365">
     <span class='ocr_line' id='line_1_9' title="bbox 168 1289 1191 1365; baseline -0.002 -18"><span class='ocrx_word' id='word_1_63' title='bbox 168 1305 297 1365; x_wconf 89' lang='lat' dir='ltr'>quatuor</span> <span class='ocrx_word' id='word_1_64' title='bbox 330 1305 399 1347; x_wconf 90' lang='lat' dir='ltr'>sunt</span> <span class='ocrx_word' id='word_1_65' title='bbox 427 1290 583 1347; x_wconf 82' lang='lat' dir='ltr'>christiani</span> <span class='ocrx_word' id='word_1_66' title='bbox 616 1292 667 1347; x_wconf 88' lang='lat' dir='ltr'>sed</span> <span class='ocrx_word' id='word_1_67' title='bbox 696 1309 745 1347; x_wconf 88' lang='lat' dir='ltr'>sex</span> <span class='ocrx_word' id='word_1_68' title='bbox 773 1289 873 1347; x_wconf 79' lang='lat' dir='ltr'>officia</span> <span class='ocrx_word' id='word_1_69' title='bbox 898 1308 956 1364; x_wconf 90' lang='lat' dir='ltr'>que</span> <span class='ocrx_word' id='word_1_70' title='bbox 984 1289 1101 1363; x_wconf 84' lang='lat' dir='ltr'>fingunt</span> <span class='ocrx_word' id='word_1_71' title='bbox 1125 1308 1155 1345; x_wconf 89' lang='lat' dir='ltr'>se</span> <span class='ocrx_word' id='word_1_72' title='bbox 1184 1342 1191 1353; x_wconf 84' lang='grc'><strong>,</strong></span> 
     </span>
    </p>

    <p class='ocr_par' dir='ltr' id='par_1_7' title="bbox 168 1377 908 1453">
     <span class='ocr_line' id='line_1_10' title="bbox 168 1377 908 1453; baseline 0 -20"><span class='ocrx_word' id='word_1_73' title='bbox 168 1378 265 1435; x_wconf 83' lang='lat' dir='ltr'>iacere</span> <span class='ocrx_word' id='word_1_74' title='bbox 289 1378 318 1433; x_wconf 90' lang='lat' dir='ltr'>in</span> <span class='ocrx_word' id='word_1_75' title='bbox 343 1377 469 1434; x_wconf 82' lang='lat' dir='ltr'>ecclesia</span> <span class='ocrx_word' id='word_1_76' title='bbox 493 1392 563 1434; x_wconf 90' lang='lat' dir='ltr'>sunt</span> <span class='ocrx_word' id='word_1_77' title='bbox 586 1377 749 1453; x_wconf 82' lang='lat' dir='ltr'>ypocritice</span> <span class='ocrx_word' id='word_1_78' title='bbox 774 1378 908 1451; x_wconf 81' lang='lat' dir='ltr'>palliata.</span> 
     </span>
    </p>
   </div>
   <div class='ocr_carea' id='block_1_3' title="bbox 553 1598 755 1665">
    <p class='ocr_par' dir='ltr' id='par_1_8' title="bbox 553 1598 755 1665">
     <span class='ocr_line' id='line_1_11' title="bbox 553 1598 755 1665; baseline 0.005 -2"><span class='ocrx_word' id='word_1_79' title='bbox 553 1598 658 1665; x_wconf 89' lang='lat' dir='ltr'>CAP.</span> <span class='ocrx_word' id='word_1_80' title='bbox 682 1601 755 1664; x_wconf 94' lang='lat' dir='ltr'>LII.</span> 
     </span>
    </p>
   </div>
   <div class='ocr_carea' id='block_1_4' title="bbox 128 1743 1373 3741">
    <p class='ocr_par' dir='ltr' id='par_1_9' title="bbox 128 1743 1373 3741">
     <span class='ocr_line' id='line_1_12' title="bbox 211 1743 1155 1823; baseline 0 -23"><span class='ocrx_word' id='word_1_81' title='bbox 211 1743 355 1818; x_wconf 83' lang='lat' dir='ltr'>Sequitur</span> <span class='ocrx_word' id='word_1_82' title='bbox 388 1744 418 1801; x_wconf 92' lang='lat' dir='ltr'>in</span> <span class='ocrx_word' id='word_1_83' title='bbox 451 1759 531 1802; x_wconf 87' lang='lat' dir='ltr'>textu</span> <span class='ocrx_word' id='word_1_84' title='bbox 566 1744 727 1819; x_wconf 86' lang='lat' dir='ltr'>evangelii:</span> <span class='ocrx_word' id='word_1_85' title='bbox 762 1745 913 1819; x_wconf 82' lang='lat' dir='ltr'>Numquid</span> <span class='ocrx_word' id='word_1_86' title='bbox 943 1745 1087 1823; x_wconf 81' lang='lat' dir='ltr'>colligum</span> <span class='ocrx_word' id='word_1_87' title='bbox 1119 1745 1155 1800; x_wconf 90' lang='lat' dir='ltr'>de</span> 
     </span>
     <span class='ocr_line' id='line_1_13' title="bbox 166 1831 1153 1909; baseline 0.001 -23"><span class='ocrx_word' id='word_1_88' title='bbox 166 1831 257 1906; x_wconf 83' lang='lat' dir='ltr'>spinis</span> <span class='ocrx_word' id='word_1_89' title='bbox 281 1851 353 1887; x_wconf 84' lang='lat' dir='ltr'>uvas</span> <span class='ocrx_word' id='word_1_90' title='bbox 376 1843 425 1887; x_wconf 86' lang='lat' dir='ltr'>aut</span> <span class='ocrx_word' id='word_1_91' title='bbox 451 1834 487 1888; x_wconf 87' lang='lat' dir='ltr'>de</span> <span class='ocrx_word' id='word_1_92' title='bbox 510 1833 626 1890; x_wconf 83' lang='lat' dir='ltr'>tribulis</span> <span class='ocrx_word' id='word_1_93' title='bbox 641 1832 744 1909; x_wconf 80' lang='lat' dir='ltr'>ficus?</span> <span class='ocrx_word' id='word_1_94' title='bbox 776 1831 824 1889; x_wconf 90' lang='lat' dir='ltr'>Sic</span> <span class='ocrx_word' id='word_1_95' title='bbox 848 1833 941 1889; x_wconf 84' lang='lat' dir='ltr'>omms</span> <span class='ocrx_word' id='word_1_96' title='bbox 965 1833 1057 1889; x_wconf 86' lang='lat' dir='ltr'>arbor</span> <span class='ocrx_word' id='word_1_97' title='bbox 1080 1833 1153 1888; x_wconf 85' lang='lat' dir='ltr'>bona</span> 
     </span>
     <span class='ocr_line' id='line_1_14' title="bbox 162 1918 1154 1994; baseline 0.001 -21"><span class='ocrx_word' id='word_1_98' title='bbox 162 1918 286 1992; x_wconf 77' lang='lat' dir='ltr'>fructus</span> <span class='ocrx_word' id='word_1_99' title='bbox 314 1919 402 1975; x_wconf 87' lang='lat' dir='ltr'>bonos</span> <span class='ocrx_word' id='word_1_100' title='bbox 426 1921 515 1994; x_wconf 84' lang='lat' dir='ltr'>jacit,</span> <span class='ocrx_word' id='word_1_101' title='bbox 548 1921 626 1976; x_wconf 82' lang='lat' dir='ltr'>uiola</span> <span class='ocrx_word' id='word_1_102' title='bbox 659 1931 754 1976; x_wconf 80' lang='lat' dir='ltr'>autem</span> <span class='ocrx_word' id='word_1_103' title='bbox 787 1921 879 1975; x_wconf 90' lang='lat' dir='ltr'>arbor</span> <span class='ocrx_word' id='word_1_104' title='bbox 902 1921 1027 1994; x_wconf 77' lang='lat' dir='ltr'>fructus</span> <span class='ocrx_word' id='word_1_105' title='bbox 1060 1920 1154 1975; x_wconf 84' lang='lat' dir='ltr'>niaios</span> 
     </span>
     <span class='ocr_line' id='line_1_15' title="bbox 162 2005 1155 2082; baseline 0.001 -22"><span class='ocrx_word' id='word_1_106' title='bbox 162 2005 260 2079; x_wconf 61' lang='lat' dir='ltr'>facim</span> <span class='ocrx_word' id='word_1_107' title='bbox 282 2024 337 2062; x_wconf 86' lang='lat' dir='ltr'>nou</span> <span class='ocrx_word' id='word_1_108' title='bbox 358 2018 456 2082; x_wconf 82' lang='lat' dir='ltr'>potest</span> <span class='ocrx_word' id='word_1_109' title='bbox 479 2008 571 2063; x_wconf 89' lang='lat' dir='ltr'>arbor</span> <span class='ocrx_word' id='word_1_110' title='bbox 594 2007 671 2063; x_wconf 79' lang='lat' dir='ltr'>uiola</span> <span class='ocrx_word' id='word_1_111' title='bbox 689 2008 811 2082; x_wconf 77' lang='lat' dir='ltr'>fructus</span> <span class='ocrx_word' id='word_1_112' title='bbox 834 2007 924 2063; x_wconf 87' lang='lat' dir='ltr'>bonos</span> <span class='ocrx_word' id='word_1_113' title='bbox 933 2007 1041 2081; x_wconf 83' lang='lat' dir='ltr'>jacere</span> <span class='ocrx_word' id='word_1_114' title='bbox 1064 2024 1155 2081; x_wconf 85' lang='lat' dir='ltr'>neque</span> 
     </span>
     <span class='ocr_line' id='line_1_16' title="bbox 131 2093 1153 2169; baseline 0.003 -24"><span class='ocrx_word' id='word_1_115' title='bbox 131 2093 261 2148; x_wconf 69' lang='lat' dir='ltr'>riarbor</span> <span class='ocrx_word' id='word_1_116' title='bbox 284 2093 357 2148; x_wconf 81' lang='lat' dir='ltr'>buria</span> <span class='ocrx_word' id='word_1_117' title='bbox 374 2094 498 2168; x_wconf 76' lang='lat' dir='ltr'>fructus</span> <span class='ocrx_word' id='word_1_118' title='bbox 522 2095 615 2151; x_wconf 87' lang='lat' dir='ltr'>maios</span> <span class='ocrx_word' id='word_1_119' title='bbox 632 2095 749 2169; x_wconf 83' lang='lat' dir='ltr'>jacere.</span> <span class='ocrx_word' id='word_1_120' title='bbox 783 2094 884 2149; x_wconf 85' lang='lat' dir='ltr'>Omnis</span> <span class='ocrx_word' id='word_1_121' title='bbox 907 2094 999 2149; x_wconf 88' lang='lat' dir='ltr'>arbor</span> <span class='ocrx_word' id='word_1_122' title='bbox 1022 2112 1075 2168; x_wconf 85' lang='lat' dir='ltr'>que</span> <span class='ocrx_word' id='word_1_123' title='bbox 1098 2111 1153 2149; x_wconf 87' lang='lat' dir='ltr'>non</span> 
     </span>
     <span class='ocr_line' id='line_1_17' title="bbox 163 2180 1155 2257; baseline -0.001 -22"><span class='ocrx_word' id='word_1_124' title='bbox 163 2180 242 2254; x_wconf 83' lang='lat' dir='ltr'>jacit</span> <span class='ocrx_word' id='word_1_125' title='bbox 268 2181 406 2255; x_wconf 76' lang='lat' dir='ltr'>fructum</span> <span class='ocrx_word' id='word_1_126' title='bbox 443 2181 546 2237; x_wconf 87' lang='lat' dir='ltr'>bonum</span> <span class='ocrx_word' id='word_1_127' title='bbox 581 2182 734 2238; x_wconf 74' lang='lat' dir='ltr'>excidetur</span> <span class='ocrx_word' id='word_1_128' title='bbox 765 2191 792 2237; x_wconf 83' lang='lat' dir='ltr'>ei</span> <span class='ocrx_word' id='word_1_129' title='bbox 821 2182 848 2236; x_wconf 86' lang='lat' dir='ltr'>in</span> <span class='ocrx_word' id='word_1_130' title='bbox 878 2180 974 2257; x_wconf 77' lang='lat' dir='ltr'>iguem</span> <span class='ocrx_word' id='word_1_131' title='bbox 1009 2182 1155 2250; x_wconf 57' lang='lat' dir='ltr'>mitiorum</span> 
     </span>
     <span class='ocr_line' id='line_1_18' title="bbox 169 2267 907 2345; baseline 0.004 -24"><span class='ocrx_word' id='word_1_132' title='bbox 169 2267 325 2344; x_wconf 80' lang='lat' dir='ltr'>igiturex</span> <span class='ocrx_word' id='word_1_133' title='bbox 341 2269 495 2342; x_wconf 80' lang='lat' dir='ltr'>fructibus</span> <span class='ocrx_word' id='word_1_134' title='bbox 518 2287 618 2324; x_wconf 85' lang='lat' dir='ltr'>eorum</span> <span class='ocrx_word' id='word_1_135' title='bbox 643 2268 825 2345; x_wconf 83' lang='lat' dir='ltr'>cognoscetis</span> <span class='ocrx_word' id='word_1_136' title='bbox 849 2285 907 2324; x_wconf 87' lang='lat' dir='ltr'>eos.</span> 
     </span>
     <span class='ocr_line' id='line_1_19' title="bbox 213 2354 1339 2429; baseline 0.004 -19"><span class='ocrx_word' id='word_1_137' title='bbox 213 2355 310 2429; x_wconf 88' lang='lat' dir='ltr'>Super</span> <span class='ocrx_word' id='word_1_138' title='bbox 326 2374 387 2429; x_wconf 91' lang='lat' dir='ltr'>quo</span> <span class='ocrx_word' id='word_1_139' title='bbox 404 2355 601 2429; x_wconf 80' lang='lat' dir='ltr'>Augustinus:</span> <span class='ocrx_word' id='word_1_140' title='bbox 624 2357 688 2423; x_wconf 85' lang='lat' dir='ltr'>Quo</span> <span class='ocrx_word' id='word_1_141' title='bbox 705 2356 768 2411; x_wconf 88' lang='lat' dir='ltr'>ioco</span> <span class='ocrx_word' id='word_1_142' title='bbox 784 2373 874 2411; x_wconf 85' lang='lat' dir='ltr'>error</span> <span class='ocrx_word' id='word_1_143' title='bbox 889 2355 1007 2410; x_wconf 84' lang='lat' dir='ltr'>iliorum</span> <span class='ocrx_word' id='word_1_144' title='bbox 1025 2354 1155 2410; x_wconf 84' lang='lat' dir='ltr'>maxime</span> <span class='ocrx_word' id='word_1_145' title='bbox 1195 2360 1339 2421; x_wconf 62' lang='lat' dir='ltr'>augustine:</span> 
     </span>
     <span class='ocr_line' id='line_1_20' title="bbox 170 2411 1372 2520; baseline 0.009 -23"><span class='ocrx_word' id='word_1_146' title='bbox 170 2443 315 2498; x_wconf 86' lang='lat' dir='ltr'>cavendus</span> <span class='ocrx_word' id='word_1_147' title='bbox 347 2454 399 2511; x_wconf 84' lang='lat' dir='ltr'>est,</span> <span class='ocrx_word' id='word_1_148' title='bbox 432 2444 481 2517; x_wconf 86' lang='lat' dir='ltr'>qui</span> <span class='ocrx_word' id='word_1_149' title='bbox 507 2444 543 2499; x_wconf 87' lang='lat' dir='ltr'>de</span> <span class='ocrx_word' id='word_1_150' title='bbox 570 2443 614 2498; x_wconf 80' lang='lat' dir='ltr'>iiis</span> <span class='ocrx_word' id='word_1_151' title='bbox 646 2442 715 2518; x_wconf 78' lang='lat' dir='ltr'>ipsis</span> <span class='ocrx_word' id='word_1_152' title='bbox 747 2442 858 2497; x_wconf 87' lang='lat' dir='ltr'>duabus</span> <span class='ocrx_word' id='word_1_153' title='bbox 891 2442 1046 2498; x_wconf 81' lang='lat' dir='ltr'>arboribus</span> <span class='ocrx_word' id='word_1_154' title='bbox 1081 2411 1372 2520; x_wconf 50' lang='lat' dir='ltr'>anasiiiii&#39;iiri&#39;iff</span> 
     </span>
     <span class='ocr_line' id='line_1_21' title="bbox 130 2517 1360 2612; baseline 0.002 -30"><span class='ocrx_word' id='word_1_155' title='bbox 130 2539 292 2586; x_wconf 75' lang='lat' dir='ltr'>miraturos</span> <span class='ocrx_word' id='word_1_156' title='bbox 330 2530 487 2606; x_wconf 79' lang='lat' dir='ltr'>opinamur</span> <span class='ocrx_word' id='word_1_157' title='bbox 517 2549 589 2600; x_wconf 88' lang='lat' dir='ltr'>esse,</span> <span class='ocrx_word' id='word_1_158' title='bbox 621 2548 744 2604; x_wconf 85' lang='lat' dir='ltr'>quarum</span> <span class='ocrx_word' id='word_1_159' title='bbox 777 2548 833 2585; x_wconf 84' lang='lat' dir='ltr'>una</span> <span class='ocrx_word' id='word_1_160' title='bbox 865 2529 902 2584; x_wconf 87' lang='lat' dir='ltr'>sit</span> <span class='ocrx_word' id='word_1_161' title='bbox 925 2529 983 2585; x_wconf 88' lang='lat' dir='ltr'>Dei</span> <span class='ocrx_word' id='word_1_162' title='bbox 1005 2540 1032 2585; x_wconf 86' lang='lat' dir='ltr'>et</span> <span class='ocrx_word' id='word_1_163' title='bbox 1058 2529 1153 2585; x_wconf 81' lang='lat' dir='ltr'>altera</span> <span class='ocrx_word' id='word_1_164' title='bbox 1176 2517 1214 2560; x_wconf 68' lang='lat'>²¹¹⁶</span> <span class='ocrx_word' id='word_1_165' title='bbox 1234 2517 1314 2612; x_wconf 52' lang='grc' dir='ltr'>ὴξῦζὸἳ</span> <span class='ocrx_word' id='word_1_166' title='bbox 1334 2518 1360 2560; x_wconf 79' lang='lat' dir='ltr'>ot</span> 
     </span>
     <span class='ocr_line' id='line_1_22' title="bbox 171 2616 1354 2692; baseline 0.001 -22"><span class='ocrx_word' id='word_1_167' title='bbox 171 2635 221 2673; x_wconf 81' lang='lat' dir='ltr'>uec</span> <span class='ocrx_word' id='word_1_168' title='bbox 258 2616 316 2673; x_wconf 85' lang='lat' dir='ltr'>Dei</span> <span class='ocrx_word' id='word_1_169' title='bbox 350 2636 401 2674; x_wconf 82' lang='lat' dir='ltr'>uec</span> <span class='ocrx_word' id='word_1_170' title='bbox 438 2635 477 2674; x_wconf 89' lang='lat' dir='ltr'>ex</span> <span class='ocrx_word' id='word_1_171' title='bbox 514 2619 586 2675; x_wconf 89' lang='lat' dir='ltr'>Deo.</span> <span class='ocrx_word' id='word_1_172' title='bbox 621 2618 668 2672; x_wconf 88' lang='lat' dir='ltr'>De</span> <span class='ocrx_word' id='word_1_173' title='bbox 704 2635 759 2692; x_wconf 86' lang='lat' dir='ltr'>quo</span> <span class='ocrx_word' id='word_1_174' title='bbox 787 2635 892 2672; x_wconf 85' lang='lat' dir='ltr'>errore</span> <span class='ocrx_word' id='word_1_175' title='bbox 922 2616 1004 2672; x_wconf 89' lang='lat' dir='ltr'>iibris</span> <span class='ocrx_word' id='word_1_176' title='bbox 1035 2617 1102 2672; x_wconf 84' lang='lat' dir='ltr'>aliis</span> <span class='ocrx_word' id='word_1_177' title='bbox 1128 2627 1154 2672; x_wconf 86' lang='lat' dir='ltr'>et</span> <span class='ocrx_word' id='word_1_178' title='bbox 1182 2621 1354 2665; x_wconf 75' lang='lat' dir='ltr'>itantctneans.</span> 
     </span>
     <span class='ocr_line' id='line_1_23' title="bbox 171 2703 1154 2780; baseline 0.002 -22"><span class='ocrx_word' id='word_1_179' title='bbox 171 2704 227 2759; x_wconf 88' lang='lat' dir='ltr'>iam</span> <span class='ocrx_word' id='word_1_180' title='bbox 254 2705 431 2780; x_wconf 79' lang='lat' dir='ltr'>disputatum</span> <span class='ocrx_word' id='word_1_181' title='bbox 456 2716 498 2762; x_wconf 84' lang='lat' dir='ltr'>esi</span> <span class='ocrx_word' id='word_1_182' title='bbox 522 2705 648 2775; x_wconf 86' lang='lat' dir='ltr'>uberius,</span> <span class='ocrx_word' id='word_1_183' title='bbox 672 2718 700 2759; x_wconf 85' lang='lat' dir='ltr'>et</span> <span class='ocrx_word' id='word_1_184' title='bbox 721 2704 748 2759; x_wconf 87' lang='lat' dir='ltr'>si</span> <span class='ocrx_word' id='word_1_185' title='bbox 769 2704 866 2759; x_wconf 81' lang='lat' dir='ltr'>adbuc</span> <span class='ocrx_word' id='word_1_186' title='bbox 887 2722 995 2779; x_wconf 81' lang='lat' dir='ltr'>parum</span> <span class='ocrx_word' id='word_1_187' title='bbox 1019 2715 1071 2775; x_wconf 84' lang='lat' dir='ltr'>esi,</span> <span class='ocrx_word' id='word_1_188' title='bbox 1095 2703 1154 2760; x_wconf 90' lang='lat' dir='ltr'>dis-</span> 
     </span>
     <span class='ocr_line' id='line_1_24' title="bbox 167 2791 1155 2866; baseline 0.002 -21"><span class='ocrx_word' id='word_1_189' title='bbox 167 2791 335 2866; x_wconf 80' lang='lat' dir='ltr'>putabitur;</span> <span class='ocrx_word' id='word_1_190' title='bbox 358 2811 432 2848; x_wconf 85' lang='lat' dir='ltr'>nuuc</span> <span class='ocrx_word' id='word_1_191' title='bbox 448 2803 544 2847; x_wconf 84' lang='lat' dir='ltr'>autem</span> <span class='ocrx_word' id='word_1_192' title='bbox 561 2810 616 2848; x_wconf 88' lang='lat' dir='ltr'>aon</span> <span class='ocrx_word' id='word_1_193' title='bbox 633 2810 682 2848; x_wconf 88' lang='lat' dir='ltr'>eos</span> <span class='ocrx_word' id='word_1_194' title='bbox 697 2791 840 2847; x_wconf 84' lang='lat' dir='ltr'>adiuvare</span> <span class='ocrx_word' id='word_1_195' title='bbox 856 2791 927 2847; x_wconf 83' lang='lat' dir='ltr'>isias</span> <span class='ocrx_word' id='word_1_196' title='bbox 944 2791 1017 2847; x_wconf 85' lang='lat' dir='ltr'>duas</span> <span class='ocrx_word' id='word_1_197' title='bbox 1032 2792 1155 2847; x_wconf 86' lang='lat' dir='ltr'>arbores</span> 
     </span>
     <span class='ocr_line' id='line_1_25' title="bbox 171 2878 1153 2954; baseline -0.001 -21"><span class='ocrx_word' id='word_1_198' title='bbox 171 2880 332 2936; x_wconf 81' lang='lat' dir='ltr'>docendum</span> <span class='ocrx_word' id='word_1_199' title='bbox 357 2891 408 2939; x_wconf 83' lang='lat' dir='ltr'>esi.</span> <span class='ocrx_word' id='word_1_200' title='bbox 433 2880 534 2936; x_wconf 89' lang='lat' dir='ltr'>Primo</span> <span class='ocrx_word' id='word_1_201' title='bbox 558 2879 677 2954; x_wconf 87' lang='lat' dir='ltr'>quiade</span> <span class='ocrx_word' id='word_1_202' title='bbox 701 2878 863 2935; x_wconf 85' lang='lat' dir='ltr'>homiuibus</span> <span class='ocrx_word' id='word_1_203' title='bbox 886 2897 950 2934; x_wconf 88' lang='lat' dir='ltr'>eum</span> <span class='ocrx_word' id='word_1_204' title='bbox 975 2878 1072 2933; x_wconf 82' lang='lat' dir='ltr'>dicere</span> <span class='ocrx_word' id='word_1_205' title='bbox 1095 2888 1153 2933; x_wconf 89' lang='lat' dir='ltr'>tam</span> 
     </span>
     <span class='ocr_line' id='line_1_26' title="bbox 128 2966 1155 3043; baseline 0.003 -26"><span class='ocrx_word' id='word_1_206' title='bbox 128 2970 159 3017; x_wconf 81' lang='lat'>25</span> <span class='ocrx_word' id='word_1_207' title='bbox 170 2968 283 3022; x_wconf 88' lang='lat' dir='ltr'>ciarum</span> <span class='ocrx_word' id='word_1_208' title='bbox 301 2979 350 3038; x_wconf 84' lang='lat' dir='ltr'>est,</span> <span class='ocrx_word' id='word_1_209' title='bbox 375 2978 405 3022; x_wconf 84' lang='lat' dir='ltr'>ui</span> <span class='ocrx_word' id='word_1_210' title='bbox 421 2967 547 3042; x_wconf 84' lang='lat' dir='ltr'>quisquis</span> <span class='ocrx_word' id='word_1_211' title='bbox 559 2967 751 3042; x_wconf 84' lang='lat' dir='ltr'>precedencia</span> <span class='ocrx_word' id='word_1_212' title='bbox 769 2966 875 3043; x_wconf 80' lang='lat' dir='ltr'>legerit</span> <span class='ocrx_word' id='word_1_213' title='bbox 898 2977 924 3021; x_wconf 84' lang='lat' dir='ltr'>et</span> <span class='ocrx_word' id='word_1_214' title='bbox 941 2966 1155 3040; x_wconf 84' lang='lat' dir='ltr'>subsequeacia,</span> 
     </span>
     <span class='ocr_line' id='line_1_27' title="bbox 172 3050 1154 3127; baseline -0.001 -19"><span class='ocrx_word' id='word_1_215' title='bbox 172 3054 297 3111; x_wconf 87' lang='lat' dir='ltr'>miretur</span> <span class='ocrx_word' id='word_1_216' title='bbox 322 3072 422 3110; x_wconf 87' lang='lat' dir='ltr'>eorum</span> <span class='ocrx_word' id='word_1_217' title='bbox 447 3055 605 3110; x_wconf 76' lang='lat' dir='ltr'>cecitatem.</span> <span class='ocrx_word' id='word_1_218' title='bbox 635 3054 749 3111; x_wconf 80' lang='lat' dir='ltr'>Deinde</span> <span class='ocrx_word' id='word_1_219' title='bbox 772 3053 922 3109; x_wconf 81' lang='lat' dir='ltr'>artemium</span> <span class='ocrx_word' id='word_1_220' title='bbox 946 3050 1023 3127; x_wconf 85' lang='lat' dir='ltr'>quod</span> <span class='ocrx_word' id='word_1_221' title='bbox 1047 3053 1154 3108; x_wconf 84' lang='lat' dir='ltr'>dictum</span> 
     </span>
     <span class='ocr_line' id='line_1_28' title="bbox 171 3140 1156 3217; baseline -0.002 -20"><span class='ocrx_word' id='word_1_222' title='bbox 171 3152 227 3197; x_wconf 83' lang='lat' dir='ltr'>est:</span> <span class='ocrx_word' id='word_1_223' title='bbox 251 3142 317 3197; x_wconf 87' lang='lat' dir='ltr'>Nou</span> <span class='ocrx_word' id='word_1_224' title='bbox 337 3152 434 3217; x_wconf 84' lang='lat' dir='ltr'>potest</span> <span class='ocrx_word' id='word_1_225' title='bbox 457 3143 549 3197; x_wconf 85' lang='lat' dir='ltr'>arbor</span> <span class='ocrx_word' id='word_1_226' title='bbox 572 3143 645 3198; x_wconf 85' lang='lat' dir='ltr'>bona</span> <span class='ocrx_word' id='word_1_227' title='bbox 663 3142 787 3216; x_wconf 79' lang='lat' dir='ltr'>fructus</span> <span class='ocrx_word' id='word_1_228' title='bbox 816 3140 910 3196; x_wconf 83' lang='lat' dir='ltr'>ruaios</span> <span class='ocrx_word' id='word_1_229' title='bbox 930 3142 1039 3216; x_wconf 79' lang='lat' dir='ltr'>facere</span> <span class='ocrx_word' id='word_1_230' title='bbox 1067 3157 1156 3213; x_wconf 84' lang='lat' dir='ltr'>neque</span> 
     </span>
     <span class='ocr_line' id='line_1_29' title="bbox 171 3227 1157 3304; baseline -0.002 -22"><span class='ocrx_word' id='word_1_231' title='bbox 171 3229 248 3283; x_wconf 87' lang='lat' dir='ltr'>maia</span> <span class='ocrx_word' id='word_1_232' title='bbox 273 3229 369 3284; x_wconf 82' lang='lat' dir='ltr'>bonos.</span> <span class='ocrx_word' id='word_1_233' title='bbox 406 3229 445 3283; x_wconf 81' lang='lat' dir='ltr'>Et</span> <span class='ocrx_word' id='word_1_234' title='bbox 469 3230 532 3285; x_wconf 79' lang='lat' dir='ltr'>ideo</span> <span class='ocrx_word' id='word_1_235' title='bbox 552 3239 658 3304; x_wconf 78' lang='lat' dir='ltr'>putant</span> <span class='ocrx_word' id='word_1_236' title='bbox 686 3246 776 3303; x_wconf 83' lang='lat' dir='ltr'>neque</span> <span class='ocrx_word' id='word_1_237' title='bbox 802 3229 929 3283; x_wconf 81' lang='lat' dir='ltr'>animam</span> <span class='ocrx_word' id='word_1_238' title='bbox 960 3228 1067 3283; x_wconf 89' lang='lat' dir='ltr'>maiam</span> <span class='ocrx_word' id='word_1_239' title='bbox 1083 3227 1157 3303; x_wconf 79' lang='lat' dir='ltr'>fieri</span> 
     </span>
     <span class='ocr_line' id='line_1_30' title="bbox 169 3316 1157 3392; baseline -0.002 -21"><span class='ocrx_word' id='word_1_240' title='bbox 169 3334 264 3391; x_wconf 81' lang='lat' dir='ltr'>posse,</span> <span class='ocrx_word' id='word_1_241' title='bbox 303 3327 332 3370; x_wconf 85' lang='lat' dir='ltr'>ut</span> <span class='ocrx_word' id='word_1_242' title='bbox 356 3317 383 3371; x_wconf 81' lang='lat' dir='ltr'>iri</span> <span class='ocrx_word' id='word_1_243' title='bbox 408 3317 510 3372; x_wconf 82' lang='lat' dir='ltr'>ruciius</span> <span class='ocrx_word' id='word_1_244' title='bbox 529 3334 587 3390; x_wconf 83' lang='lat' dir='ltr'>per</span> <span class='ocrx_word' id='word_1_245' title='bbox 610 3316 667 3370; x_wconf 82' lang='lat' dir='ltr'>Dei</span> <span class='ocrx_word' id='word_1_246' title='bbox 688 3316 825 3392; x_wconf 77' lang='lat' dir='ltr'>graciam</span> <span class='ocrx_word' id='word_1_247' title='bbox 850 3325 1044 3371; x_wconf 83' lang='lat' dir='ltr'>cmmuuteiur</span> <span class='ocrx_word' id='word_1_248' title='bbox 1068 3332 1157 3388; x_wconf 83' lang='lat' dir='ltr'>neque</span> 
     </span>
     <span class='ocr_line' id='line_1_31' title="bbox 129 3402 1158 3478; baseline -0.002 -21"><span class='ocrx_word' id='word_1_249' title='bbox 129 3408 161 3457; x_wconf 85' lang='lat'>30</span> <span class='ocrx_word' id='word_1_250' title='bbox 171 3405 274 3459; x_wconf 84' lang='lat' dir='ltr'>bonam</span> <span class='ocrx_word' id='word_1_251' title='bbox 304 3404 331 3458; x_wconf 82' lang='lat' dir='ltr'>iri</span> <span class='ocrx_word' id='word_1_252' title='bbox 360 3404 495 3475; x_wconf 68' lang='lat' dir='ltr'>deiurio,</span> <span class='ocrx_word' id='word_1_253' title='bbox 525 3404 608 3478; x_wconf 83' lang='lat' dir='ltr'>quusi</span> <span class='ocrx_word' id='word_1_254' title='bbox 630 3403 736 3458; x_wconf 83' lang='lat' dir='ltr'>dicium</span> <span class='ocrx_word' id='word_1_255' title='bbox 760 3403 811 3458; x_wconf 83' lang='lat' dir='ltr'>sii:</span> <span class='ocrx_word' id='word_1_256' title='bbox 844 3403 910 3457; x_wconf 89' lang='lat' dir='ltr'>Nou</span> <span class='ocrx_word' id='word_1_257' title='bbox 938 3412 1035 3478; x_wconf 78' lang='lat' dir='ltr'>potest</span> <span class='ocrx_word' id='word_1_258' title='bbox 1066 3402 1158 3457; x_wconf 85' lang='lat' dir='ltr'>arbor</span> 
     </span>
     <span class='ocr_line' id='line_1_32' title="bbox 171 3490 1373 3568; baseline -0.004 -22"><span class='ocrx_word' id='word_1_259' title='bbox 171 3492 244 3547; x_wconf 83' lang='lat' dir='ltr'>bona</span> <span class='ocrx_word' id='word_1_260' title='bbox 269 3491 347 3546; x_wconf 80' lang='lat' dir='ltr'>raaia</span> <span class='ocrx_word' id='word_1_261' title='bbox 363 3491 445 3568; x_wconf 84' lang='lat' dir='ltr'>fieri,</span> <span class='ocrx_word' id='word_1_262' title='bbox 478 3509 567 3566; x_wconf 83' lang='lat' dir='ltr'>neque</span> <span class='ocrx_word' id='word_1_263' title='bbox 590 3491 667 3546; x_wconf 87' lang='lat' dir='ltr'>rnaia</span> <span class='ocrx_word' id='word_1_264' title='bbox 692 3492 765 3546; x_wconf 86' lang='lat' dir='ltr'>bona</span> <span class='ocrx_word' id='word_1_265' title='bbox 780 3490 863 3566; x_wconf 87' lang='lat' dir='ltr'>fieri,</span> <span class='ocrx_word' id='word_1_266' title='bbox 887 3491 940 3546; x_wconf 80' lang='lat' dir='ltr'>sed</span> <span class='ocrx_word' id='word_1_267' title='bbox 968 3490 1075 3546; x_wconf 86' lang='lat' dir='ltr'>dictum</span> <span class='ocrx_word' id='word_1_268' title='bbox 1100 3499 1217 3552; x_wconf 61' lang='grc' dir='ltr'>εειεῃκ</span> <span class='ocrx_word' id='word_1_269' title='bbox 1232 3516 1279 3551; x_wconf 62' lang='lat' dir='ltr'>me</span> <span class='ocrx_word' id='word_1_270' title='bbox 1300 3509 1320 3551; x_wconf 87' lang='lat' dir='ltr'>is</span> <span class='ocrx_word' id='word_1_271' title='bbox 1335 3509 1373 3568; x_wconf 79' lang='lat' dir='ltr'>me</span> 
     </span>
     <span class='ocr_line' id='line_1_33' title="bbox 172 3561 1364 3656; baseline -0.003 -24"><span class='ocrx_word' id='word_1_272' title='bbox 172 3579 238 3634; x_wconf 87' lang='lat' dir='ltr'>Nou</span> <span class='ocrx_word' id='word_1_273' title='bbox 252 3589 348 3654; x_wconf 82' lang='lat' dir='ltr'>potest</span> <span class='ocrx_word' id='word_1_274' title='bbox 372 3580 463 3634; x_wconf 84' lang='lat' dir='ltr'>arbor</span> <span class='ocrx_word' id='word_1_275' title='bbox 486 3579 559 3633; x_wconf 85' lang='lat' dir='ltr'>burm</span> <span class='ocrx_word' id='word_1_276' title='bbox 576 3579 700 3651; x_wconf 84' lang='lat' dir='ltr'>fructus</span> <span class='ocrx_word' id='word_1_277' title='bbox 724 3577 817 3633; x_wconf 88' lang='lat' dir='ltr'>maios</span> <span class='ocrx_word' id='word_1_278' title='bbox 834 3578 942 3651; x_wconf 85' lang='lat' dir='ltr'>jacere</span> <span class='ocrx_word' id='word_1_279' title='bbox 965 3595 1055 3651; x_wconf 84' lang='lat' dir='ltr'>neque</span> <span class='ocrx_word' id='word_1_280' title='bbox 1078 3576 1156 3630; x_wconf 86' lang='lat' dir='ltr'>maia</span> <span class='ocrx_word' id='word_1_281' title='bbox 1176 3561 1364 3656; x_wconf 46' lang='lat' dir='ltr'>mfflgssvhgfss¹¹¹¹</span> 
     </span>
     <span class='ocr_line' id='line_1_34' title="bbox 171 3663 1156 3741; baseline -0.002 -21"><span class='ocrx_word' id='word_1_282' title='bbox 171 3666 268 3725; x_wconf 83' lang='lat' dir='ltr'>bonos.</span> <span class='ocrx_word' id='word_1_283' title='bbox 295 3666 393 3721; x_wconf 85' lang='lat' dir='ltr'>Arbor</span> <span class='ocrx_word' id='word_1_284' title='bbox 416 3677 458 3722; x_wconf 82' lang='lat' dir='ltr'>est</span> <span class='ocrx_word' id='word_1_285' title='bbox 482 3666 587 3741; x_wconf 75' lang='lat' dir='ltr'>quippe</span> <span class='ocrx_word' id='word_1_286' title='bbox 609 3665 671 3740; x_wconf 78' lang='lat' dir='ltr'>ipsa</span> <span class='ocrx_word' id='word_1_287' title='bbox 696 3665 804 3736; x_wconf 82' lang='lat' dir='ltr'>auimo,</span> <span class='ocrx_word' id='word_1_288' title='bbox 834 3665 864 3719; x_wconf 87' lang='lat' dir='ltr'>id</span> <span class='ocrx_word' id='word_1_289' title='bbox 887 3674 940 3731; x_wconf 81' lang='lat' dir='ltr'>est,</span> <span class='ocrx_word' id='word_1_290' title='bbox 970 3665 1056 3720; x_wconf 87' lang='lat' dir='ltr'>homo</span> <span class='ocrx_word' id='word_1_291' title='bbox 1086 3663 1156 3738; x_wconf 85' lang='lat' dir='ltr'>ipse,</span> 
     </span>
    </p>
   </div>
   <div class='ocr_carea' id='block_1_5' title="bbox 164 3750 1158 3829">
    <p class='ocr_par' dir='ltr' id='par_1_10' title="bbox 164 3750 1158 3829">
     <span class='ocr_line' id='line_1_35' title="bbox 164 3750 1158 3829; baseline 0 -22"><span class='ocrx_word' id='word_1_292' title='bbox 164 3752 288 3825; x_wconf 80' lang='lat' dir='ltr'>fructus</span> <span class='ocrx_word' id='word_1_293' title='bbox 322 3771 391 3809; x_wconf 75' lang='lat' dir='ltr'>uero</span> <span class='ocrx_word' id='word_1_294' title='bbox 423 3771 512 3828; x_wconf 79' lang='lat' dir='ltr'>opera</span> <span class='ocrx_word' id='word_1_295' title='bbox 545 3753 687 3826; x_wconf 82' lang='lat' dir='ltr'>itominis;</span> <span class='ocrx_word' id='word_1_296' title='bbox 723 3770 777 3809; x_wconf 86' lang='lat' dir='ltr'>mm</span> <span class='ocrx_word' id='word_1_297' title='bbox 810 3752 905 3829; x_wconf 83' lang='lat' dir='ltr'>igitur</span> <span class='ocrx_word' id='word_1_298' title='bbox 928 3762 1025 3827; x_wconf 85' lang='lat' dir='ltr'>potest</span> <span class='ocrx_word' id='word_1_299' title='bbox 1063 3750 1158 3807; x_wconf 69' lang='lat' dir='ltr'>vnaius</span> 
     </span>
    </p>
   </div>
   <div class='ocr_carea' id='block_1_6' title="bbox 173 4029 1157 4352">
    <p class='ocr_par' dir='ltr' id='par_1_11' title="bbox 173 4029 1157 4352">
     <span class='ocr_line' id='line_1_36' title="bbox 224 4029 1156 4090; baseline -0.006 -12"><span class='ocrx_word' id='word_1_300' title='bbox 224 4047 246 4090; x_wconf 83' lang='lat'>9.</span> <span class='ocrx_word' id='word_1_301' title='bbox 262 4037 295 4079; x_wconf 86' lang='grc' dir='ltr'>Αι</span> <span class='ocrx_word' id='word_1_302' title='bbox 311 4032 443 4077; x_wconf 78' lang='lat' dir='ltr'>inerciesia</span> <span class='ocrx_word' id='word_1_303' title='bbox 458 4032 527 4075; x_wconf 87' lang='lat' dir='ltr'>deest.</span> <span class='ocrx_word' id='word_1_304' title='bbox 570 4032 762 4085; x_wconf 61' lang='lat' dir='ltr'>tottinmaru:</span> <span class='ocrx_word' id='word_1_305' title='bbox 777 4043 818 4087; x_wconf 72' lang='lat'>49.</span> <span class='ocrx_word' id='word_1_306' title='bbox 861 4032 939 4081; x_wconf 61' lang='lat' dir='ltr'>uua:</span> <span class='ocrx_word' id='word_1_307' title='bbox 944 4029 1013 4087; x_wconf 81' lang='lat' dir='ltr'>fecii.</span> <span class='ocrx_word' id='word_1_308' title='bbox 1056 4029 1086 4074; x_wconf 80' lang='lat'>18.</span> <span class='ocrx_word' id='word_1_309' title='bbox 1101 4029 1156 4073; x_wconf 84' lang='lat' dir='ltr'>Ain</span> 
     </span>
     <span class='ocr_line' id='line_1_37' title="bbox 173 4081 1156 4143; baseline -0.006 -13"><span class='ocrx_word' id='word_1_310' title='bbox 173 4100 258 4141; x_wconf 53' lang='lat' dir='ltr'>marga</span> <span class='ocrx_word' id='word_1_311' title='bbox 274 4087 424 4143; x_wconf 73' lang='lat' dir='ltr'>Augustinus.</span> <span class='ocrx_word' id='word_1_312' title='bbox 492 4097 524 4138; x_wconf 78' lang='lat' dir='ltr'>m.</span> <span class='ocrx_word' id='word_1_313' title='bbox 544 4083 572 4125; x_wconf 74' lang='lat' dir='ltr'>tt:</span> <span class='ocrx_word' id='word_1_314' title='bbox 598 4091 632 4127; x_wconf 72' lang='lat' dir='ltr'>eit</span> <span class='ocrx_word' id='word_1_315' title='bbox 655 4085 730 4131; x_wconf 80' lang='lat' dir='ltr'>deest:</span> <span class='ocrx_word' id='word_1_316' title='bbox 754 4085 786 4126; x_wconf 90' lang='lat' dir='ltr'>ib.</span> <span class='ocrx_word' id='word_1_317' title='bbox 811 4084 840 4126; x_wconf 71' lang='lat' dir='ltr'>tt:</span> <span class='ocrx_word' id='word_1_318' title='bbox 861 4083 950 4126; x_wconf 74' lang='lat' dir='ltr'>duabus</span> <span class='ocrx_word' id='word_1_319' title='bbox 969 4083 1039 4125; x_wconf 86' lang='lat' dir='ltr'>deest.</span> <span class='ocrx_word' id='word_1_320' title='bbox 1080 4093 1111 4125; x_wconf 78' lang='lat'>21.</span> <span class='ocrx_word' id='word_1_321' title='bbox 1126 4081 1156 4125; x_wconf 86' lang='lat' dir='ltr'>B:</span> 
     </span>
     <span class='ocr_line' id='line_1_38' title="bbox 173 4133 1157 4196; baseline -0.008 -13"><span class='ocrx_word' id='word_1_322' title='bbox 173 4141 209 4183; x_wconf 87' lang='lat' dir='ltr'>De</span> <span class='ocrx_word' id='word_1_323' title='bbox 223 4151 335 4196; x_wconf 80' lang='lat' dir='ltr'>quorum.</span> <span class='ocrx_word' id='word_1_324' title='bbox 390 4149 418 4191; x_wconf 79' lang='lat' dir='ltr'>ur,</span> <span class='ocrx_word' id='word_1_325' title='bbox 433 4149 466 4180; x_wconf 83' lang='lat'>22.</span> <span class='ocrx_word' id='word_1_326' title='bbox 482 4136 511 4179; x_wconf 85' lang='lat' dir='ltr'>B:</span> <span class='ocrx_word' id='word_1_327' title='bbox 526 4137 592 4179; x_wconf 75' lang='lat' dir='ltr'>libris</span> <span class='ocrx_word' id='word_1_328' title='bbox 608 4138 663 4179; x_wconf 79' lang='lat' dir='ltr'>aliis</span> <span class='ocrx_word' id='word_1_329' title='bbox 675 4137 814 4192; x_wconf 59' lang='lat' dir='ltr'>disputatum</span> <span class='ocrx_word' id='word_1_330' title='bbox 829 4140 863 4178; x_wconf 80' lang='lat' dir='ltr'>ert</span> <span class='ocrx_word' id='word_1_331' title='bbox 876 4135 975 4178; x_wconf 80' lang='lat' dir='ltr'>uberius.</span> <span class='ocrx_word' id='word_1_332' title='bbox 1029 4133 1060 4186; x_wconf 81' lang='lat'>25,</span> <span class='ocrx_word' id='word_1_333' title='bbox 1075 4135 1111 4176; x_wconf 81' lang='lat'>26.</span> <span class='ocrx_word' id='word_1_334' title='bbox 1121 4135 1157 4177; x_wconf 82' lang='lat' dir='ltr'>A:</span> 
     </span>
     <span class='ocr_line' id='line_1_39' title="bbox 175 4186 1157 4247; baseline -0.007 -12"><span class='ocrx_word' id='word_1_335' title='bbox 175 4196 199 4235; x_wconf 85' lang='lat' dir='ltr'>et</span> <span class='ocrx_word' id='word_1_336' title='bbox 218 4192 260 4235; x_wconf 75' lang='lat' dir='ltr'>sub</span> <span class='ocrx_word' id='word_1_337' title='bbox 278 4192 402 4247; x_wconf 79' lang='lat' dir='ltr'>eequencia</span> <span class='ocrx_word' id='word_1_338' title='bbox 424 4191 529 4232; x_wconf 79' lang='lat' dir='ltr'>miretur.</span> <span class='ocrx_word' id='word_1_339' title='bbox 602 4201 635 4243; x_wconf 87' lang='lat'>27.</span> <span class='ocrx_word' id='word_1_340' title='bbox 657 4191 679 4233; x_wconf 82' lang='grc' dir='ltr'><strong>Α</strong></span> <span class='ocrx_word' id='word_1_341' title='bbox 703 4191 725 4232; x_wconf 91' lang='lat' dir='ltr'>in</span> <span class='ocrx_word' id='word_1_342' title='bbox 750 4201 836 4247; x_wconf 53' lang='lat' dir='ltr'>murga</span> <span class='ocrx_word' id='word_1_343' title='bbox 867 4187 936 4242; x_wconf 87' lang='lat' dir='ltr'>Quod</span> <span class='ocrx_word' id='word_1_344' title='bbox 958 4187 1030 4229; x_wconf 86' lang='lat' dir='ltr'>arbor</span> <span class='ocrx_word' id='word_1_345' title='bbox 1050 4191 1086 4229; x_wconf 76' lang='lat' dir='ltr'>ert</span> <span class='ocrx_word' id='word_1_346' title='bbox 1106 4186 1157 4241; x_wconf 75' lang='lat' dir='ltr'>ipra</span> 
     </span>
     <span class='ocr_line' id='line_1_40' title="bbox 173 4238 1156 4340; baseline -0.009 -52"><span class='ocrx_word' id='word_1_347' title='bbox 173 4246 251 4340; x_wconf 48' lang='lat' dir='ltr'>imis</span> <span class='ocrx_word' id='word_1_348' title='bbox 273 4244 298 4288; x_wconf 84' lang='lat' dir='ltr'>id</span> <span class='ocrx_word' id='word_1_349' title='bbox 316 4249 349 4287; x_wconf 80' lang='lat' dir='ltr'>ert</span> <span class='ocrx_word' id='word_1_350' title='bbox 364 4244 431 4305; x_wconf 82' lang='lat' dir='ltr'>homo</span> <span class='ocrx_word' id='word_1_351' title='bbox 446 4243 495 4297; x_wconf 77' lang='lat' dir='ltr'>ipre</span> <span class='ocrx_word' id='word_1_352' title='bbox 508 4240 605 4298; x_wconf 81' lang='lat' dir='ltr'>fructur</span> <span class='ocrx_word' id='word_1_353' title='bbox 619 4253 674 4284; x_wconf 78' lang='lat' dir='ltr'>vero</span> <span class='ocrx_word' id='word_1_354' title='bbox 695 4253 770 4296; x_wconf 82' lang='lat' dir='ltr'>opera</span> <span class='ocrx_word' id='word_1_355' title='bbox 784 4253 833 4284; x_wconf 83' lang='lat' dir='ltr'>erus</span> <span class='ocrx_word' id='word_1_356' title='bbox 851 4240 975 4283; x_wconf 75' lang='lat' dir='ltr'>secundum</span> <span class='ocrx_word' id='word_1_357' title='bbox 995 4238 1156 4295; x_wconf 66' lang='lat' dir='ltr'>augustinum.</span> 
     </span>
     <span class='ocr_line' id='line_1_41' title="bbox 186 4308 419 4352; baseline -0.009 -12"><span class='ocrx_word' id='word_1_358' title='bbox 186 4313 209 4350; x_wconf 88' lang='lat'>4.</span> <span class='ocrx_word' id='word_1_359' title='bbox 253 4308 348 4352; x_wconf 84' lang='lat' dir='ltr'>:opera</span> <span class='ocrx_word' id='word_1_360' title='bbox 363 4308 419 4339; x_wconf 83' lang='lat' dir='ltr'>erm.</span> 
     </span>
    </p>
   </div>
   <div class='ocr_carea' id='block_1_7' title="bbox 175 4383 1157 4586">
    <p class='ocr_par' dir='ltr' id='par_1_12' title="bbox 175 4383 1157 4586">
     <span class='ocr_line' id='line_1_42' title="bbox 175 4383 1157 4506; baseline -0.007 -68"><span class='ocrx_word' id='word_1_361' title='bbox 175 4458 182 4506; x_wconf 64' lang='lat' dir='ltr'>l</span> <span class='ocrx_word' id='word_1_362' title='bbox 229 4404 267 4438; x_wconf 86' lang='lat'>10.</span> <span class='ocrx_word' id='word_1_363' title='bbox 286 4387 376 4437; x_wconf 76' lang='lat' dir='ltr'>Martii.</span> <span class='ocrx_word' id='word_1_364' title='bbox 396 4387 449 4449; x_wconf 86' lang='lat' dir='ltr'>Vll,</span> <span class='ocrx_word' id='word_1_365' title='bbox 474 4384 582 4435; x_wconf 77' lang='lat'>16-20.</span> <span class='ocrx_word' id='word_1_366' title='bbox 646 4384 682 4434; x_wconf 82' lang='lat'>18.</span> <span class='ocrx_word' id='word_1_367' title='bbox 703 4385 741 4434; x_wconf 89' lang='lat' dir='ltr'>De</span> <span class='ocrx_word' id='word_1_368' title='bbox 760 4399 883 4434; x_wconf 86' lang='lat' dir='ltr'>sermone</span> <span class='ocrx_word' id='word_1_369' title='bbox 903 4383 1008 4432; x_wconf 89' lang='lat' dir='ltr'>Domini</span> <span class='ocrx_word' id='word_1_370' title='bbox 1028 4383 1054 4431; x_wconf 88' lang='lat' dir='ltr'>in</span> <span class='ocrx_word' id='word_1_371' title='bbox 1068 4390 1157 4431; x_wconf 86' lang='lat' dir='ltr'>monte</span> 
     </span>
     <span class='ocr_line' id='line_1_43' title="bbox 184 4460 357 4508; baseline -0.012 -1"><span class='ocrx_word' id='word_1_372' title='bbox 184 4495 191 4507; x_wconf 86' lang='lat'><em>.</em></span> <span class='ocrx_word' id='word_1_373' title='bbox 218 4474 233 4507; x_wconf 89' lang='lat'>·.</span> <span class='ocrx_word' id='word_1_374' title='bbox 272 4460 357 4508; x_wconf 54' lang='grc' dir='ltr'>ΑΗΕ.</span> 
     </span>
     <span class='ocr_line' id='line_1_44' title="bbox 212 4475 1054 4586; baseline -0.008 6"><span class='ocrx_word' id='word_1_375' title='bbox 212 4482 224 4507; x_wconf 57' lang='lat'>⁸</span> <span class='ocrx_word' id='word_1_376' title='bbox 253 4475 269 4522; x_wconf 74' lang='lat' dir='ltr'>p</span> <span class='ocrx_word' id='word_1_377' title='bbox 1005 4536 1054 4586; x_wconf 67' lang='lat'>28*</span> 
     </span>
    </p>
   </div>
   <div class='ocr_carea' id='block_1_8' title="bbox 0 0 1557 5138">
    <p class='ocr_par' dir='ltr' id='par_1_13' title="bbox 0 0 1557 5138">
     <span class='ocr_line' id='line_1_45' title="bbox 0 0 1557 5138; baseline 0 0"><span class='ocrx_word' id='word_1_378' title='bbox 0 0 1557 5138; x_wconf 95' lang='lat' dir='ltr'> </span> 
     </span>
    </p>
   </div>
  </div>
 </body>
</html>
