3082 5138
737 462 827 509 oeus
847 462 1097 511 immusicus
1241 445 1323 526 [eo.
1340 459 1412 502 xxv.

428 624 498 698 quid
526 624 661 698 pateris?
696 623 834 698 Langues
865 637 893 678 et
920 636 1015 678 tamen
1044 641 1161 678 causam
1190 626 1233 678 tui
1261 625 1413 700 languoris

429 712 560 785 igturas.
593 708 648 777 lis,
672 711 820 765 estendam
844 711 896 765 tibi
917 729 1035 765 causam
1057 724 1088 765 ut
1103 712 1131 765 in
1148 712 1229 766 immi
1246 712 1415 768 necessitate

430 816 574 872 nurrquam
588 798 745 873 lepores?
760 798 821 852 fac
837 798 908 853 bene
923 809 949 852 et
967 816 1093 873 operare
1108 799 1262 867 iusticiam,
1287 811 1317 853 ut
1332 818 1411 874 spem

431 887 538 940 habeas
568 887 648 960 apud
677 886 771 940 Ileum
799 898 827 940 et
854 905 910 940 non
943 886 1111 960 desperabis
1143 887 1172 940 in
1204 898 1297 944 terra.
1329 887 1412 941 Bona

430 973 504 1028 enim
537 991 626 1049 opera
658 985 724 1027 sunt
754 992 810 1047 que
846 991 970 1047 sperare
999 974 1119 1046 jaciunt
1151 985 1178 1028 et
1209 974 1288 1027 mala
1322 970 1436 1048 opera-³

430 1063 589 1135 desperare
603 1060 788 1135 corripellunt.
806 1061 969 1135 Propterea
985 1079 1040 1114 mm
1058 1061 1126 1115 dicit
1138 1062 1303 1137 propbeta:
1318 1062 1411 1136 Spera

429 1149 457 1202 in
498 1148 624 1202 Domino
656 1160 682 1202 et
714 1148 842 1203 inhabita
871 1159 984 1202 terram
1017 1160 1045 1202 et
1078 1149 1212 1223 pasceris
1241 1149 1270 1202 in
1301 1148 1413 1204 diviciis

429 1236 500 1307 eius,
528 1235 581 1290 sed
601 1253 688 1310 spera
716 1236 744 1289 in
768 1235 895 1290 Domino
918 1247 946 1290 et
961 1236 1020 1308 sac
1047 1236 1201 1290 bonitatem
1230 1247 1257 1290 et
1284 1235 1412 1291 inhabita

429 1335 542 1378 terram
565 1335 618 1377 etc.

215 1424 258 1465 w.—
273 1437 311 1464 stc·
326 1432 419 1481 ios-ean.
475 1409 520 1463 Ne
541 1409 660 1465 solliciti
684 1411 746 1464 sitis
774 1410 845 1484 quid
867 1410 1055 1466 manducetis.
1092 1409 1157 1464 Non
1190 1410 1282 1464 tixii:
1315 1409 1452 1465 Nolite¹0

223 1480 369 1571 ,ξξῇηἷῖζῇᾗ
378 1475 409 1566 '232
432 1496 569 1552 laborare
584 1498 637 1552 sed
651 1497 739 1552 nolite
752 1496 871 1553 solliciti
888 1515 959 1565 esse,
975 1515 1050 1572 ergo
1064 1496 1182 1552 solliciti
1195 1514 1257 1552 esse
1270 1507 1411 1561 vetamur,

233 1591 404 1623 ³³¹³¹0³⁹⁶²¹w
431 1585 483 1637 sed
505 1584 644 1639 laborare
665 1584 804 1639 iubemur.
839 1584 887 1639 Sic
916 1584 990 1639 enim
1015 1596 1042 1639 et
1065 1583 1210 1639 Dominus
1232 1584 1351 1659 loquens
1372 1586 1413 1638 ad

431 1672 525 1725 Adam
549 1691 604 1725 non
629 1672 719 1726 dixit:
745 1670 817 1726 Cum
841 1672 1035 1727 sollicitudine
1043 1671 1147 1746 jacias
1162 1671 1214 1726 tibi
1221 1689 1340 1746 panem,
1360 1674 1413 1727 sed

430 1776 493 1812 curn
517 1760 626 1814 sudore
648 1770 675 1814 et
698 1759 800 1814 labore
807 1759 905 1832 faciei
917 1770 973 1816 tue.
998 1758 1086 1835 Ergo
1102 1776 1157 1813 non
1172 1759 1412 1814 sollicitudinibus

428 1845 628 1920 spiritualibus
655 1848 707 1901 sed
734 1847 882 1902 laboribus
909 1846 1113 1921 corporalibus
1139 1845 1337 1920 adquirendus
1370 1858 1411 1902 est
1424 1842 1450 1890 ¹5

426 1933 520 2007 panis.
546 1934 626 1989 Sicut
649 1934 723 1988 enim
748 1933 947 1990 laborantibus
966 1952 1025 2009 pro
1038 1933 1154 2008 premio
1177 1933 1333 2010 diligencie
1348 1933 1411 1990 Deo

426 2032 577 2095 prestante
596 2021 682 2095 panis
705 2022 852 2076 habundat
870 2022 911 2077 sic
928 2021 1136 2076 dormientibus
1152 2031 1179 2075 et
1195 2021 1410 2098 negligentibus

428 2126 486 2182 pro
507 2126 582 2182 pena
606 2109 788 2184 negligencie
810 2108 875 2164 Deo
889 2109 1023 2184 jaciente
1043 2108 1223 2163 subducitur.

228 2209 281 2251 ons
298 2210 350 2249 uno
364 2208 406 2268 ιιι)
476 2195 578 2250 Nonne
600 2197 696 2251 anima
716 2196 786 2271 plus
808 2207 851 2252 est
874 2215 958 2270 qnam
976 2214 1041 2251 esca
1065 2207 1091 2251 et
1115 2213 1221 2271 corpus
1233 2196 1303 2271 plus
1325 2214 1409 2268 auam

219 2262 417 2365 p{„1¹‚²5⁸',¹m“„¹{¹
433 2282 654 2338 uestimentum?
680 2283 841 2359 Confirmat
865 2302 944 2359 spem
969 2295 1098 2339 nostram
1120 2284 1250 2358 primum
1267 2303 1285 2338 a
1301 2283 1411 2338 maiore
1420 2303 1451 2336 20

431 2371 472 2423 ad
491 2371 583 2426 vuinus
600 2372 782 2437 descendens,
801 2372 905 2427 deinde
920 2390 937 2425 a
954 2371 1066 2426 minore
1079 2372 1119 2425 ad
1135 2371 1228 2425 maius
1243 2372 1408 2427 ascendens.

435 2457 588 2525 Quomodo
610 2459 637 2514 si
658 2458 784 2513 animam
810 2459 898 2525 dedit,
922 2477 1016 2514 escam
1041 2477 1095 2513 mm
1120 2458 1223 2514 dabit?
1251 2460 1284 2514 Si
1305 2476 1410 2533 corpus

427 2544 588 2618 plasmavit
622 2546 820 2602 uestimentum
858 2565 914 2602 uon
949 2545 1139 2620 providebit?
1176 2546 1242 2601 Nisi
1275 2546 1410 2601 uoluisset

428 2634 582 2707 essequod
604 2645 645 2688 est
670 2653 725 2688 non
749 2645 880 2702 crearet;
901 2634 979 2707 quod
1001 2645 1097 2688 autem
1121 2632 1163 2687 sic
1186 2634 1295 2688 creauit
1311 2644 1341 2688 ut
1353 2651 1410 2708 per

427 2738 521 2775 escam
537 2732 681 2790 seruetur,
705 2739 819 2777 necesse
841 2734 884 2776 est
908 2732 936 2775 ut
962 2721 1009 2776 det
1032 2720 1059 2774 ei
1080 2738 1174 2775 escam
1192 2721 1328 2794 quamdiu
1350 2721 1450 2774 uult23

427 2824 488 2862 esse
515 2809 592 2882 quod
612 2808 698 2882 fecit.
736 2808 815 2875 Quid
841 2820 884 2863 est
911 2826 928 2861 a
957 2808 1069 2863 rninore
1095 2809 1136 2861 ad
1159 2807 1276 2863 mains?
1313 2808 1409 2863 Videte

428 2894 556 2950 intuitis
591 2895 654 2964 celi,
687 2914 742 2950 non
774 2896 915 2951 seminant
935 2890 940 2975 l
962 2913 1051 2969 neque
1087 2906 1204 2949 metunt.
1245 2895 1278 2949 Si
1307 2895 1408 2949 auibus
1438 2899 1496 2964 39⁰⁴

424 2994 538 3056 prestat
561 2983 740 3059 alimentum,
765 2984 927 3039 horninibus
950 3002 1005 3037 nou
1026 2981 1193 3057 prestabit?
1225 2983 1258 3036 Si
1283 2982 1328 3037 illi
1353 3001 1407 3037 non

427 3069 593 3125 laborantes
616 3071 761 3125 inueniunt
784 3089 875 3141 escas,
903 3072 989 3126 laonio
1017 3087 1072 3124 rum
1101 3069 1232 3135 inueniet,
1261 3070 1307 3125 cui
1329 3068 1409 3123 Deus

427 3156 505 3211 dedit
526 3168 552 3211 et
567 3158 711 3232 operandi
726 3159 901 3232 sapienciam
918 3170 945 3212 et
955 3157 1164 3233 fructificandi
1175 3157 1279 3231 spem?
1305 3156 1408 3212 Omnia
1420 3160 1452 3210 3ο

426 3244 499 3298 euim
521 3245 658 3299 animalia
675 3246 755 3300 Deus
767 3257 894 3321 propter
909 3245 1037 3301 homines
1045 3246 1132 3318 jecit,
1156 3245 1296 3299 lunninem
1313 3254 1407 3298 utitem

423 3344 548 3405 propter
569 3349 600 3386 se
622 3333 724 3387 solum.
760 3333 792 3387 Si
818 3351 892 3408 ergo
921 3333 1094 3387 arnmalibns
1117 3331 1262 3385 ministrat
1283 3342 1408 3406 propter

427 3418 580 3487 ltonu'nem,
597 3419 707 3474 leontini
721 3439 776 3474 mm
793 3420 968 3476 ministrabit
981 3430 1108 3494 propter
1123 3418 1285 3493 seipsum?
1304 3417 1407 3473 Omnia

426 3505 507 3560 Deus
530 3507 557 3559 in
580 3507 724 3580 sapiencia
742 3508 828 3582 jecit,
853 3507 997 3562 bominem
1021 3517 1116 3561 autern
1133 3505 1227 3561 solum
1245 3524 1299 3561 non
1315 3506 1407 3561 solum

426 3593 453 3645 in
470 3593 612 3666 sapiencia
628 3597 680 3649 sed
695 3595 784 3650 eciam
802 3596 958 3649 secundum
975 3594 1150 3668 sapienciarn
1171 3611 1263 3648 suam.
1292 3593 1407 3660 Quanto
1420 3596 1451 3646 35

425 3697 500 3755 ergo
524 3681 689 3754 preciosior
716 3682 840 3736 hominis
863 3682 977 3737 creacio
1005 3700 1090 3756 quiam
1121 3681 1301 3749 animalium,
1327 3690 1408 3734 tanto

426 3768 522 3822 maior
543 3768 708 3823 sollicitudo
735 3768 790 3822 Ilei
813 3769 848 3822 de
871 3769 1033 3824 hominibus
1056 3787 1141 3842 qttatm
1168 3770 1203 3822 de
1225 3766 1407 3821 animalibus.

429 3853 533 3910 (luinia
557 3855 695 3909 animalia
719 3856 800 3910 Ileus
815 3857 903 3929 feeit,
937 3868 968 3911 ut
998 3868 1055 3910 tam
1086 3855 1134 3909 diu
1162 3856 1218 3909 sint
1245 3871 1329 3927 quam
1360 3853 1408 3907 diu

425 3955 500 4015 sunt,
525 3961 589 3999 cum
615 3961 684 3999 uero
708 3956 822 3998 mortua
847 3944 936 3999 eciam
955 3943 1074 4018 suerint
1088 3942 1168 4018 fiant
1192 3952 1337 4014 tamquam
1355 3958 1410 4014 que

426 4049 480 4086 non
502 4034 639 4106 suerunt.
676 4031 830 4086 Hominem
859 4043 954 4087 autem
977 4030 1054 4104 secit
1081 4040 1111 4084 ut
1139 4047 1195 4083 non
1222 4027 1314 4083 solum
1343 4037 1455 4083 ante40

479 4333 492 4362 t.
510 4323 538 4362 u:
554 4326 631 4363 tomi-n
647 4323 717 4364 acesi.
773 4334 791 4364 ε.
808 4325 842 4365 A:
858 4324 965 4364 ‹uteuao
1027 4320 1038 4363 ,ὲ
1063 4322 1081 4361 Α
1098 4321 1120 4361 iu
1138 4331 1222 4369 niara.-
1240 4317 1299 4360 Nota
1313 4328 1409 4359 causam

426 4374 605 4425 „resperas-inno.
668 4390 682 4421 ι.
699 4378 731 4417 A:
748 4382 770 4417 et
784 4387 909 4429 nunquam.
966 4388 999 4428 '-'‘.¹·
1016 4377 1049 4417 A:
1067 4373 1129 4414 lteus
1144 4371 1217 4413 iniec.
1276 4369 1309 4412 1⁴2.
1324 4372 1357 4411 A:
1373 4381 1409 4411 so-

425 4427 470 4467 lum
486 4427 555 4469 deest.
610 4426 645 4481 39.
661 4428 689 4470 B:
705 4440 749 4482 que
763 4428 836 4470 deest.
