3082 5138
216 491 284 537 can.
300 478 371 561 urst
598 496 703 546 eatam
724 496 818 544 tuas

216 654 247 712 in
271 654 422 712 iusticiam
451 669 479 712 et
513 654 752 712 misericordiam
783 676 817 712 ac
846 675 916 729 sepe
944 655 975 711 in
1005 659 1202 713 commodum

218 757 355 811 usurut0;
402 745 455 799 sed
496 743 568 799 latet
612 762 759 800 venenum
803 745 857 799 sub
892 745 989 813 melle,
1024 744 1094 819 quia
1134 762 1203 800 vera

217 829 433 901 misericordia,
446 829 500 885 uei
513 829 691 887 ordinancia
709 844 737 887 et
749 849 819 887 vera
836 829 954 889 iusticia
969 844 1202 905 postponuntur.

215 917 425 975 Misericordia
454 932 554 974 autem
584 937 643 992 qua
668 918 820 974 fenerator
844 917 939 974 inlicit
968 932 1029 975 tam
1055 937 1086 974 se
1110 937 1201 993 quarn

191 1008 303 1061 §suum
329 1024 503 1079 comparem
533 1018 561 1060 et
586 1019 738 1079 mercatur
762 1025 830 1062 cum
855 1018 993 1079 tempore
1017 1007 1099 1081 quod
1125 1008 1204 1061 Deus

216 1090 373 1148 constituit
384 1091 476 1167 gratis
492 1111 653 1149 commune
668 1092 751 1148 otnni
766 1091 892 1169 homini,
910 1106 938 1148 et
950 1092 1037 1163 (sicut
1051 1111 1119 1150 vere
1129 1091 1203 1148 dicit

217 1178 430 1243 Crisostomus)
448 1179 549 1235 vendit
574 1181 627 1236 hec
645 1193 783 1253 tempora
805 1198 864 1254 que
880 1180 1026 1236 veraciter
1049 1199 1111 1237 non
1135 1193 1204 1236 sunt

216 1284 280 1337 sua,
313 1284 382 1324 cum
407 1269 488 1322 Deus
517 1266 647 1322 instituit
679 1267 832 1323 hominem
858 1281 1088 1340 procuratorem
1113 1286 1204 1341 super

128 1360 188 1419 {tr-²
217 1354 270 1410 hec
291 1347 295 1431 Ι
316 1352 507 1428 temporalia,
541 1368 572 1408 ut
605 1353 670 1427 ipsa
704 1356 868 1428 prudenter
901 1353 1061 1412 distribuat
1091 1353 1203 1410 Christi

177 1439 373 1513 tocgeutibus
397 1443 562 1497 seeundum
589 1441 723 1514 regulam
749 1440 822 1515 legis
846 1460 914 1509 sue;
955 1455 984 1497 et
1014 1441 1056 1500 sic
1081 1455 1204 1516 propter

216 1541 374 1601 peccatum
399 1529 479 1585 cadit
496 1547 514 1585 a
530 1528 750 1602 procuracione
775 1528 909 1601 legitima
933 1542 1025 1604 atque
1048 1528 1203 1597 dominio;

216 1628 245 1670 et
269 1616 326 1672 hoc
350 1629 393 1672 est
417 1618 499 1690 quod
523 1635 596 1689 sepe
620 1615 733 1672 dictum
760 1630 804 1671 est
828 1615 899 1671 alibi
924 1618 1007 1688 quod
1032 1615 1200 1673 dominium

216 1715 260 1758 est
277 1703 407 1778 quedam
433 1702 537 1776 religio
555 1722 614 1777 que
631 1702 757 1777 requirit
781 1702 812 1758 in
829 1702 931 1776 gracia
953 1703 1202 1773 fundamentum3

215 1808 286 1845 nam
316 1790 454 1864 proditor
484 1790 537 1846 Dei
567 1789 711 1865 quicquid
743 1792 779 1845 de
807 1790 894 1845 bonis
922 1790 1042 1847 fortune
1072 1804 1203 1864 occupat

175 1876 347 1950 ripossidet
378 1892 534 1951 tamquam
564 1878 653 1948 latr0‚
687 1877 757 1951 quia
791 1879 870 1951 apud
901 1879 996 1933 Deum
1031 1878 1143 1934 furtum
1175 1892 1203 1934 et

215 1963 350 2039 perdicio
374 1964 500 2021 dominii
526 1966 564 2020 ad
588 1978 745 2038 peccatum
775 1963 839 2020 sine
868 1964 1028 2021 intervallo
1057 1964 1202 2039 temporis

215 2066 450 2125 consequuntur.

595 2222 701 2286 CAP.
726 2222 823 2285 LIX.

258 2364 400 2439 Sequitur·
424 2366 453 2421 in
478 2380 558 2422 textu
584 2367 745 2441 evangelii:
769 2367 900 2422 Audistis
922 2368 988 2441 qttia
1013 2368 1119 2422 dictum
1144 2377 1202 2422 est:

172 2452 332 2529 rolliligcs
351 2454 524 2529 proximum
549 2466 629 2509 tiuun
654 2466 680 2509 et
704 2456 770 2511 odio
796 2455 914 2510 habebis
937 2455 1084 2509 inimicum
1109 2465 1199 2509 turun.

216 2539 284 2617 Ego
300 2551 395 2597 autem
413 2541 476 2597 dico
499 2542 588 2609 vobis,
614 2542 729 2619 diligite
746 2542 877 2598 inimicas
895 2553 1017 2607 vestras,
1041 2540 1202 2614 benefacite

216 2628 271 2683 lriis
303 2627 352 2702 qui
383 2628 508 2684 oderunt
540 2647 601 2695 ros,
634 2641 660 2685 et
694 2642 777 2684 orate
806 2648 863 2704 pru
897 2629 1136 2704 persequentibus
1175 2639 1200 2683 et

215 2715 479 2790 calumpniantibus
503 2734 563 2785 uos,
588 2727 617 2770 ut
640 2717 703 2771 sitis
710 2717 772 2792 silli
784 2716 883 2790 patris
907 2718 997 2772 uestri
1017 2716 1066 2791 qui
1088 2714 1201 2770 incelis

216 2812 266 2865 est,
290 2802 339 2876 qui
360 2803 449 2859 sulem
474 2822 558 2859 suum
582 2804 658 2859 oriri
681 2805 755 2858 iubet
778 2821 867 2877 super
891 2803 979 2859 bonas·
1007 2815 1033 2859 et
1058 2803 1152 2858 rnalos
1174 2812 1201 2858 et

174 2889 288 2965 25pluit
310 2908 399 2965 super
422 2890 513 2946 iustos
536 2902 562 2946 et
587 2891 714 2947 iniustos.
741 2891 774 2945 Si
796 2891 870 2946 enirn
895 2890 1058 2946 dilexeritis
1082 2909 1130 2945 ens
1154 2890 1203 2962 qui

217 2994 267 3033 nos
289 2976 425 3054 diligunt,
449 2995 534 3051 quarn
559 2979 721 3034 mercedem
746 2978 909 3033 habebitis?
934 2979 1035 3033 Nonne
1059 2989 1083 3032 ct
1106 2977 1200 3052 publi-

216 3062 280 3119 caru'
311 3063 366 3119 ltoc
390 3064 534 3138 saciuutt'
571 3065 609 3119 Et
642 3066 669 3120 si
699 3065 903 3120 salutaveritis
930 3065 1050 3139 fratres
1090 3075 1202 3120 uestras

215 3160 339 3219 tantum,
361 3150 432 3225 quid
454 3153 580 3227 arnplius
597 3152 725 3226 facitis?
750 3153 851 3207 Nonne
867 3164 893 3206 ct
909 3152 1016 3207 etltnici
1037 3152 1090 3206 lure
1106 3152 1200 3226 ipsum

209 3237 352 3313 saciatur?
382 3238 485 3295 Estote
508 3258 581 3316 ergo
607 3258 656 3294 nus
677 3239 814 3314 persecu,
846 3239 918 3294 sicut
949 3250 974 3293 et
996 3249 1083 3314 pater
1107 3249 1202 3293 vester

174 3328 206 3377 30
218 3325 330 3381 celestis
349 3326 501 3401 perfectus
524 3337 575 3382 est.

259 3413 357 3487 Super
379 3431 440 3487 quo
463 3412 662 3487 Augustinus:
688 3413 757 3468 Sine
780 3413 834 3468 ista
860 3412 1017 3468 dileccione
1033 3431 1087 3486 qua
1111 3412 1200 3467 eciam
1238 3437 1391 3487 mmmmm

216 3499 347 3556 inimicos
370 3500 521 3577 diligimus
537 3512 563 3556 et
577 3512 780 3576 persecutores
796 3512 911 3556 trustros
929 3501 1055 3576 diligere
1070 3500 1201 3554 iubentur
1218 3497 1411 3597 T'ffffflssfflllpon

215 3604 250 3643 ea
272 3604 326 3663 quc
347 3588 482 3662 superius
506 3588 583 3643 dicta
606 3598 672 3643 sunt
695 3587 817 3663 implere
832 3588 894 3661 quis
907 3590 1026 3662 potest?
1049 3587 1200 3661 Persecriu
1218 3597 1245 3639 ut·
1257 3607 1332 3649 int-ret
1351 3596 1371 3663 ¹?
1387 3602 1410 3635 ro

216 3684 311 3729 antem
335 3674 538 3731 misericordie
565 3693 621 3748 qua
646 3674 808 3750 plurimum
837 3675 933 3730 mutue
961 3674 1107 3730 laboranti
1133 3692 1199 3730 cun-
1250 3650 1359 3743 Ι“ζ,ζί,(,ἰ’ζ“
1370 3660 1380 3683 ⁹

175 3760 334 3831 3isttlt’tttr,
356 3761 436 3817 ultra
461 3762 647 3818 dilecciauem
673 3761 783 3817 inimici
802 3762 923 3837 porrigi
945 3781 999 3816 nun
1020 3772 1125 3837 potest.
1161 3760 1200 3815 Et

216 3846 281 3905 ideo
310 3848 352 3905 sic
385 3848 549 3904 clauditur:
588 3848 687 3904 Estote
724 3868 798 3925 erga
833 3868 883 3904 uus
910 3849 1039 3923 perfecti
1069 3848 1142 3903 sicut
1174 3858 1201 3902 et

213 3945 302 4011 pater
328 3946 425 3993 vester
452 3936 565 3993 celestis
590 3936 741 4012 perfectus
776 3947 826 3992 est.
862 3936 905 3991 Ita
934 3947 1029 3991 tamen
1058 3946 1087 3990 ut
1120 3936 1201 3990 lleus

268 4166 291 4207 ⁴·
306 4154 336 4199 tt:
350 4156 407 4210 quia
414 4152 552 4213 fenerator.
633 4167 653 4209 7.
669 4156 702 4197 A:
717 4156 855 4209 temporati:
875 4155 892 4197 tt
906 4154 1014 4196 correxit.
1096 4164 1125 4196 ιε.
1142 4154 1163 4195 Α
1179 4153 1201 4214 {¹¹

218 4218 269 4251 mat
285 4221 304 4250 .:
320 4206 384 4263 Quid
394 4214 430 4251 cat
442 4207 577 4250 dominium.
666 4218 702 4258 21.
720 4208 748 4249 u:
765 4208 828 4249 oriri
840 4208 908 4250 iubet.
998 4207 1028 4249 ab.
1045 4206 1074 4248 lt:
1090 4206 1201 4261 diligitis.

216 4258 254 4305 28.
291 4259 387 4316 :iprum
401 4258 473 4303 deest.
529 4258 558 4302 31.
574 4261 595 4301 Λ
610 4259 633 4301 in
649 4272 735 4311 marn:
751 4260 902 4315 Augustinus.

219 4434 236 4487 ι
270 4382 310 4417 ao.
329 4366 419 4449 Matth.
438 4368 470 4430 V,
487 4368 601 4431 43-48.
673 4370 713 4420 31.
733 4370 772 4418 De
790 4384 912 4417 sermone
930 4367 1037 4417 ltomini
1056 4367 1082 4415 in
1101 4366 1200 4426 Monte,

253 4452 276 4488 c.
293 4452 319 4503 p.
342 4452 397 4505 ron.
