3082 5138
159 472 226 516 cue.
240 457 302 540 Lu]
531 475 635 524 euius
658 475 753 526 eiius

161 653 239 691 rare.
272 635 339 691 Nisi
357 636 445 710 sorte
472 636 512 691 ita
531 635 635 713 pocius
663 636 897 713 distinguendum
927 647 978 703 est,
1007 647 1036 690 ut
1060 637 1145 711 prius

160 722 234 796 quod
256 722 383 797 positum
416 734 458 778 est
490 723 526 778 de
557 723 682 778 maxilla
701 741 855 798 percussa,
879 724 976 779 omma
1003 723 1145 799 significet

159 828 212 884 que
233 809 274 866 sic
298 809 473 888 ingeruntur
496 810 532 866 ab
556 810 695 885 improbis
717 821 747 865 ut
764 811 878 867 restitui
892 829 948 866 uon
960 810 1075 886 possint
1092 810 1147 865 uisi

161 896 300 953 vindicta.-
322 899 479 954 secuudum
495 899 574 973 quod
586 897 713 973 positum
731 908 773 953 est
798 899 833 953 de
857 898 1025 953 uestimento
1049 897 1145 952 cornua

134 983 301 1062 5significet
323 1003 378 1061 que
397 997 519 1061 possunt
543 985 656 1041 restitui
680 985 741 1040 siue
765 985 898 1041 uindicta.
925 985 963 1040 Et
986 985 1050 1040 ideo
1060 984 1147 1058 forte

159 1072 289 1127 additum
318 1084 375 1128 est:
416 1072 474 1140 Qui
501 1073 625 1128 miluerit
652 1082 745 1129 tecum
774 1072 802 1127 iu
829 1072 934 1128 iudicio
963 1072 1145 1142 contendere,

159 1159 222 1233 quia
240 1160 317 1232 quod
328 1178 385 1235 per
400 1159 535 1215 iudicium
553 1160 700 1234 aufertur,
722 1179 777 1215 uon
794 1178 827 1215 ea
845 1160 874 1215 ni
885 1171 1010 1236 putatur
1030 1158 1148 1233 auferri

159 1246 205 1302 cui
228 1246 352 1302 uindicta
377 1248 525 1306 debeatur.

206 1333 338 1389 Tercium
364 1351 432 1390 uero
464 1352 503 1390 ex
530 1345 653 1408 utroque
684 1334 847 1408 consectum
880 1334 926 1405 sit,
962 1345 992 1389 ut
1027 1344 1054 1388 et
1085 1333 1146 1388 siue

120 1420 285 1477 touindicta
309 1432 336 1477 et
359 1439 423 1477 cum
448 1421 574 1478 uiridicta
594 1421 688 1496 possit
712 1421 833 1477 restitui.
868 1422 1001 1495 Namque
1024 1439 1144 1496 operam

159 1508 316 1567 indebitam
346 1508 487 1564 violenter
512 1508 636 1585 exigere
661 1508 723 1564 sine
754 1509 813 1563 ullo
841 1509 946 1563 iudicio
973 1509 1046 1564 sicut
1066 1507 1146 1583 jacit

159 1595 206 1669 qui
228 1596 368 1672 angariat
391 1596 533 1651 ltomiuem
558 1595 689 1670 improbe
704 1607 731 1651 et
747 1597 826 1672 cogit
846 1614 876 1651 se
896 1595 995 1651 illicite
1010 1595 1148 1650 adiuuari

159 1683 194 1737 ab
217 1682 331 1739 inimico
355 1694 382 1738 et
401 1701 508 1758 penam
532 1682 725 1758 improbitatis
744 1694 841 1758 potest
870 1683 950 1738 luere
973 1694 1000 1738 et
1023 1700 1143 1758 operam

159 1770 293 1842 reddere,
315 1770 342 1826 si
363 1771 437 1826 hanc
459 1770 509 1825 ille
528 1780 641 1845 repetat
657 1771 706 1844 qui
719 1771 883 1846 improbum
897 1770 1027 1845 pertulit.
1054 1771 1085 1825 Iu
1102 1770 1146 1825 liis

120 1857 250 1933 15igitur
287 1857 418 1913 euntibus
454 1857 610 1936 generibus
655 1857 828 1913 iniuriarum
877 1858 1019 1913 Domitios
1064 1858 1146 1913 docet

155 1944 400 2019 patientissimum
417 1955 444 2000 et
457 1944 760 2001 miserieordissimmu
778 1956 805 2001 et
822 1945 861 1999 ad
868 1944 957 2019 plura
965 1946 1145 2019 perferenda

71 2031 129 2097 376⁵
155 2031 271 2106 paratis
290 2027 295 2111 Ι
315 2032 419 2088 simum
444 2032 572 2087 animum
597 2032 750 2087 christiani
771 2050 834 2088 csse
857 2043 1002 2106 oportere.

202 2119 261 2174 Sed
282 2119 419 2192 quoniam
435 2138 544 2194 parum
569 2130 611 2174 est
634 2138 689 2175 nou
713 2137 817 2175 nocere
840 2118 895 2173 uisi
916 2119 1006 2174 eciam
1029 2129 1144 2193 prestes
1182 2130 1218 2171 At}
1235 2131 1336 2171 ostoun

159 2204 324 2283 beneficium
353 2206 496 2283 indigenti
518 2206 691 2263 aduersario
719 2217 767 2262 tuo
792 2216 928 2281 quantum
955 2217 1049 2280 potes,
1077 2223 1143 2262 con·
1163 2182 1355 2288 ⁰¹¹¹ffi11ffi15sss¹¹⁰

119 2307 149 2340 20
158 2303 308 2367 sequenter
326 2293 461 2371 adiungit
483 2304 510 2348 et
530 2293 614 2349 dicit:
641 2294 728 2348 Omui
741 2293 860 2368 petenti,
884 2293 983 2368 inquit,
1007 2304 1034 2349 te
1058 2293 1095 2348 da
1119 2303 1146 2348 et
1298 2283 1302 2289 ⁸

157 2379 207 2455 qui
238 2380 361 2436 uoluerit
389 2400 406 2436 a
434 2390 463 2436 te
491 2380 629 2449 tartunam,
665 2398 700 2436 ne
727 2390 880 2436 auersatus
904 2380 1014 2455 fueris,
1060 2380 1147 2435 (lruoi

155 2467 273 2542 petenti,
297 2467 397 2543 inquit,
420 2486 475 2523 non
492 2468 587 2523 omnia
602 2467 725 2542 petenti:
749 2478 778 2522 ut
797 2467 927 2523 uidelicet
951 2467 981 2521 id
1005 2467 1055 2521 des
1071 2466 1148 2540 quod

160 2553 232 2609 dare
255 2554 372 2611 honeste
395 2566 422 2611 et
445 2555 517 2611 iuste
535 2565 629 2630 potes.
658 2555 737 2622 Quid
759 2555 833 2610 enim
850 2555 876 2609 si
887 2555 1039 2629 pecuniam
1054 2564 1146 2629 petat,

158 2659 214 2715 qua
252 2641 429 2698 innocentem
462 2652 582 2698 conetur
609 2642 799 2717 opprimere?
835 2642 913 2709 Quid
944 2641 970 2696 si
996 2652 1148 2716 postremo

117 2725 147 2776 25
157 2738 291 2803 stuprum
311 2729 415 2804 petat?
447 2729 506 2785 Sed
533 2747 567 2784 ne
595 2730 685 2784 inulta
705 2748 872 2805 prosequar
895 2746 947 2803 que
971 2739 1038 2783 sum
1066 2729 1146 2783 initu-

159 2815 319 2887 merabilia‚
351 2816 382 2871 id
409 2816 547 2892 profecto
580 2817 707 2872 dandum
746 2827 789 2871 est
823 2816 901 2891 quod
939 2834 990 2871 uec
1017 2816 1069 2870 tibi
1097 2833 1148 2871 uec

159 2902 247 2957 alteri
268 2914 379 2976 noceat,
411 2915 548 2979 quantum
576 2904 648 2959 sciri
669 2914 719 2958 atet
742 2904 825 2959 credi
847 2903 883 2957 ab
907 2902 1021 2957 leominc
1040 2912 1145 2977 potest.

159 2988 296 3045 Etenim
323 2990 397 3046 iuste
424 2990 580 3069 negaveris
607 2991 685 3065 qzctid
713 2991 795 3066 petit,
829 2990 984 3045 iudicanda
1013 3000 1055 3045 est
1083 2989 1146 3064 ipsa

158 3075 280 3149 iusticia,
304 3088 334 3132 ut
357 3096 413 3132 non
436 3097 499 3135 eum
524 3078 637 3133 inanem
661 3078 799 3133 dimittas.
825 3078 869 3132 Ita
894 3077 973 3131 omui
989 3076 1098 3152 petenti
1121 3087 1148 3131 te

117 3163 149 3213 30
159 3163 251 3236 dabis,
269 3165 401 3239 quamuis
418 3184 473 3221 non
488 3183 605 3241 semper
621 3165 651 3219 id
666 3166 744 3239 quiid
755 3165 831 3240 petis
848 3164 930 3220 dabis
946 3175 973 3219 et
990 3163 1146 3238 aliquando

159 3250 259 3307 melius
274 3251 385 3326 aliquid
401 3252 493 3323 dabis,
519 3270 582 3308 cum
596 3263 740 3327 petentem
757 3252 861 3307 iniusta
880 3251 1059 3309 correxeris.

205 3339 293 3405 Quod
308 3350 403 3395 autem
421 3340 476 3394 ait:
504 3340 562 3406 Qui
578 3340 702 3395 induerit
721 3358 738 3394 a
756 3351 782 3395 te
799 3337 928 3394 trztttuari
943 3357 977 3394 ne
993 3348 1149 3393 auersatus

149 3424 260 3499 fueris,
284 3427 324 3481 ad
344 3426 472 3482 animum
490 3427 677 3501 referendum
693 3437 744 3481 est.
770 3426 904 3482 Hilarem
921 3426 995 3482 euim
1013 3425 1146 3480 datorem

159 3511 255 3589 diligit
278 3513 367 3570 Deus.
396 3512 552 3569 Mutuatur
575 3525 670 3569 autent
695 3513 787 3569 omnis
810 3513 858 3588 qui
885 3513 998 3588 accipit,
1030 3511 1149 3568 eciamsi

116 3596 214 3654 35uon
245 3600 301 3676 ipsi
330 3601 480 3657 soluturus
504 3611 559 3669 est;
590 3620 654 3658 cum
684 3600 762 3656 'enim
796 3600 1033 3656 misericordibus
1065 3600 1147 3655 Deus

154 3685 245 3760 plura
273 3688 416 3759 restituat,
449 3689 542 3744 omms
574 3689 623 3762 qui
649 3687 813 3764 beneficium
844 3698 960 3762 prestat
976 3687 1146 3761 feneratur.

201 3774 258 3829 Aut
284 3774 311 3830 si
338 3793 394 3830 non
413 3774 513 3850 placet
541 3775 672 3850 accipere
705 3785 882 3830 rrrtttuautem
919 3774 973 3829 uisi
1003 3793 1067 3830 eum
1100 3773 1149 3848 qui

86 3861 89 3867 '
158 3859 272 3937 accipit,
305 3862 476 3917 redditurus
508 3862 728 3940 intelligendum
754 3873 796 3918 est
820 3862 978 3917 Dominum
1003 3861 1065 3936 ipsa
1091 3861 1147 3915 duo

157 3965 268 4024 genera
288 3949 445 4024 prestandi
466 3967 527 4005 esse
549 3950 744 4024 complexum.
775 3950 909 4024 Namque
932 3959 982 4004 aut
1006 3949 1148 4006 donamus

165 4240 452 4301 ¹·9.Ainmarg.:3.
507 4238 716 4300 u.A:sedsaclt.
772 4239 978 4282 12.lt:adt'urart'.
1034 4236 1148 4280 13.A:atr

160 4303 239 4335 turcio.
294 4304 326 4344 η.
341 4294 376 4336 A:
393 4292 433 4335 ute
447 4296 546 4347 repetat.
602 4290 636 4344 34.
653 4292 681 4334 B:
698 4292 761 4334 Deus
777 4292 847 4334 deest.

213 4432 253 4466 20.
272 4418 361 4468 Matth.
382 4419 414 4481 V,
432 4434 476 4482 42.
551 4420 591 4482 34.
611 4418 640 4468 ΙΙ.
660 4419 722 4468 Cor.
743 4418 783 4479 tx,
803 4433 827 4482 7.
