3082 5138
653 453 747 504 oeus
762 453 1017 504 ενιιισῑιῑαιι
1156 436 1241 521 [w.
1255 449 1341 495 xm

351 620 434 673 redas
451 635 505 691 qne
516 626 639 692 fciunt
654 615 729 670 bono
748 628 777 671 et
800 616 928 690 simplici
946 616 1038 671 corde
1055 630 1083 671 ιι
1105 634 1217 692 magn-:-
1239 618 1341 671 anim

350 706 425 763 ὑπ’.
460 703 593 778 suasu
627 704 742 778 possint
777 704 869 758 eciam
908 721 964 757 non
1000 703 1086 761 beno.
1123 704 1258 759 nciam
1295 704 1342 758 illi

351 792 479 847 ὲιπὲειι
501 809 566 845 cum
589 800 694 855 essent,
720 791 750 845 in
776 791 891 846 occulto
917 790 1015 846 cordis
1042 791 1217 846 sentencia
1236 792 1341 866 ferre.

351 880 387 935 de
408 878 510 954 quibus
531 877 610 933 solus
633 876 716 932 Deus
738 878 857 933 iudicat.

393 967 442 1021 Aa·
472 967 527 1020 boc
556 966 649 1020 eciam
683 965 812 1040 pertinet
845 964 923 1019 illud
951 965 1031 1038 quod
1061 965 1121 1021 ali-o
1153 966 1217 1020 lom
1252 964 1365 1026 dicim}

350 1054 449 1109 Nolite
470 1064 538 1107 arde
559 1063 672 1127 ternpus
689 1052 847 1127 quidquam
869 1052 1002 1106 iudicare
1021 1053 1123 1126 quoad
1136 1070 1226 1126 usque
1242 1054 1340 1107 reniat

350 1141 504 1199 Dominus.
535 1140 581 1195 sol
611 1140 733 1201 iusticie.
764 1133 859 1195 ce'um
890 1150 919 1194 et
949 1150 1064 1193 terram
1087 1150 1249 1214 fuerans
1275 1139 1341 1195 luce

350 1228 494 1283 claritatis
522 1238 550 1282 et
580 1228 697 1283 rirtutis
724 1245 778 1282 sue
802 1237 831 1281 et
857 1225 1000 1280 illuminet
1025 1226 1126 1280 abdita
1149 1227 1339 1282 tenebrarum

349 1328 379 1371 et
400 1333 454 1389 que
466 1315 590 1391 furtin
606 1315 745 1370 cubiculis
765 1325 794 1368 et
816 1313 984 1387 manifestet
1005 1314 1203 1389 cogitationes
1224 1314 1342 1371 cordis:

350 1414 379 1458 et
405 1412 473 1457 tunc
500 1402 566 1456 laus
591 1402 649 1457 erit
677 1401 828 1475 unicuique
853 1419 872 1454 a
899 1400 1018 1455 domino
1040 1398 1114 1455 Deo.
1148 1399 1223 1455 Sunt
1245 1402 1341 1478 igitur
1352 1427 1384 1459 :o

350 1490 474 1565 quedam
494 1489 584 1563 facta
615 1488 722 1553 media.
753 1505 808 1562 que
834 1487 1009 1565 ignoramus
1040 1505 1097 1563 quo
1124 1487 1222 1543 arima
1247 1489 1340 1564 fiant,

349 1577 417 1653 quia
432 1589 461 1632 et
481 1576 560 1631 malo
580 1586 607 1630 et
627 1575 702 1631 bono
715 1575 792 1652 fieri
808 1586 943 1651 possunt,
965 1574 1003 1630 de
1023 1576 1126 1649 quibus
1147 1576 1339 1631 temerarium

350 1675 393 1720 est
419 1663 561 1729 iudicare,
593 1664 725 1718 maxime
752 1673 784 1718 ut
811 1662 1065 1738 condempnemus.
1095 1662 1214 1718 Horum
1240 1674 1339 1719 autem

351 1752 445 1807 reniet
470 1761 583 1826 tempus
606 1763 638 1806 ut
659 1750 834 1809 iudicentur.
864 1761 895 1804 ut
920 1769 939 1804 a
966 1750 1075 1805 lumine
1101 1750 1196 1806 eterni
1219 1762 1249 1806 et
1276 1752 1342 1806 reri

350 1839 421 1895 solis
454 1838 679 1913 manifestentur
703 1834 707 1863 ²
733 1849 761 1892 et
792 1838 938 1893 Dominus
970 1837 1078 1893 uirtute
1112 1838 1258 1894 claritatis
1288 1857 1341 1894 sue
1367 1849 1427 1917 393·

350 1925 525 1981 illuminabit
546 1925 716 1981 abscondita
738 1924 926 1980 tenebrarum
948 1942 1004 1998 que
1013 1925 1095 2001 fiunt
1117 1925 1146 1979 in
1168 1925 1290 1982 occultis
1311 1939 1339 1981 et

350 2013 469 2070 secretis
506 2024 534 2068 ct
570 2012 730 2072 denudabit
767 2011 965 2090 cogitaciones
1001 2013 1111 2080 cordis,
1152 2022 1184 2067 ut
1218 2024 1340 2089 pateant

351 2101 492 2157 omnibus.

150 2190 212 2255 ,Ἧι
227 2194 315 2252 emta
396 2187 478 2253 lton,
515 2186 576 2241 alio
612 2186 677 2242 loco
715 2186 784 2242 dicii
822 2187 899 2241 idem
938 2187 1111 2262 Apostolus:
1144 2186 1338 2253 Quorundam

140 2248 338 2342 “32:5¹7ssssss
352 2274 500 2329 hominum
513 2286 636 2349 peccata
652 2273 810 2347 manifesta
825 2284 893 2329 sunt
911 2274 1106 2349 precedencia
1128 2275 1169 2329 ad
1190 2275 1339 2331 iudicium.
1349 2301 1382 2335 20

170 2356 268 2448 'mx
280 2360 305 2393 ‘¹'
351 2363 474 2437 quedam
508 2372 604 2416 autem
636 2373 663 2416 et
696 2362 919 2435 subsequuntur.
955 2360 1118 2435 Manifesta
1145 2379 1179 2416 ea
1207 2362 1277 2418 dicit
1304 2363 1341 2418 de

264 2438 270 2447 ’
351 2448 454 2524 quibus
484 2449 599 2504 clarum
639 2460 684 2504 est
705 2466 762 2524 quo
789 2448 888 2504 animo
901 2447 991 2525 fiant.
1026 2448 1090 2504 Hec
1107 2450 1270 2524 precedunt
1300 2450 1341 2504 ad

353 2535 501 2605 iudicium,
524 2535 556 2590 id
577 2546 630 2607 est,
657 2535 685 2591 si
699 2536 798 2610 fuerit
820 2535 877 2591 ista
899 2535 1083 2592 subsecutum
1106 2536 1256 2605 iudicium,
1284 2554 1340 2593 non

352 2634 395 2678 est
420 2623 621 2678 temerarium.
645 2622 845 2679 Subsecuntur
865 2635 964 2678 autem
986 2641 1021 2678 ea
1042 2641 1098 2698 que
1123 2625 1238 2679 occulta
1263 2636 1339 2695 sunt,

352 2710 419 2785 quia
443 2727 494 2765 nec
515 2710 580 2785 ipsa
603 2710 732 2766 latebunt
756 2721 889 2786 tempore
909 2728 973 2780 suo,
995 2711 1062 2786 quia
1085 2729 1104 2765 a
1127 2711 1235 2767 lumine
1258 2730 1338 2767 reue·
1351 2723 1381 2771 25

352 2797 475 2853 lationis
496 2797 772 2872 manifestabuntur.
797 2797 848 2853 Sic
870 2798 961 2854 eciam
984 2798 1022 2852 de
1035 2797 1117 2854 bonis
1123 2799 1219 2873 factis
1235 2799 1340 2853 intelli-

351 2885 481 2961 gendum
505 2895 558 2943 est.
583 2885 660 2940 Nam
683 2886 725 2940 ita
747 2885 913 2962 subiungit:
940 2884 1086 2942 Similiter
1108 2896 1135 2940 et
1149 2886 1240 2960 facta
1266 2886 1339 2942 bona

353 2972 509 3046 manifesta
540 2983 606 3026 suut
637 2984 665 3027 et
697 2990 752 3047 que
781 2972 871 3027 aliter
901 2991 933 3028 se
963 2973 1079 3042 liabent,
1110 2972 1252 3029 abscondi
1284 2992 1339 3028 non

350 3069 480 3134 possunt.
504 3059 551 3115 De
573 3059 739 3134 manifestis
761 3060 856 3136 igitur
877 3060 1046 3128 iudicenzus,
1070 3061 1108 3115 de
1128 3061 1250 3116 occultis
1270 3079 1339 3116 uero

354 3145 492 3201 iudicium
509 3146 574 3201 Deo
597 3147 806 3221 relinquamus,
830 3148 894 3202 Deo
917 3147 1009 3202 iudici
1031 3166 1101 3203 uero
1116 3159 1143 3203 et
1163 3149 1250 3214 iusto,
1272 3149 1383 3222 quia30

353 3244 381 3288 et
404 3232 468 3308 ipsa
494 3233 635 3289 abscondi
655 3253 711 3289 non
731 3246 866 3310 possunt,
892 3234 954 3290 siue
981 3234 1056 3290 bona
1077 3235 1140 3291 siue
1162 3236 1251 3304 mala,
1274 3253 1339 3290 cum

353 3330 466 3395 tempus
488 3320 640 3376 advenerit
664 3331 694 3376 ut
718 3322 952 3397 manifestentur.

398 3406 466 3462 Duo
488 3418 555 3463 sunt
576 3419 673 3464 autem
698 3408 726 3462 in
750 3409 853 3484 quibus
871 3408 1061 3465 temerarium
1080 3409 1219 3466 iudicium
1235 3428 1342 3466 cauere

354 3494 501 3565 debemus,
532 3513 597 3551 cum
625 3496 768 3551 incertum
795 3497 834 3551 sit
861 3515 916 3572 quo
943 3496 1042 3551 animo
1068 3498 1202 3573 quodque
1219 3499 1339 3573 factum

352 3580 401 3646 sit,
424 3582 471 3637 uel
492 3600 557 3637 cum
581 3583 722 3639 incertum
744 3594 787 3640 est
803 3585 897 3659 qualis
911 3584 1040 3659 futurus
1061 3585 1110 3655 sit,
1130 3584 1182 3661 qui
1202 3604 1279 3641 nunc
1295 3585 1382 3645 uel35

353 3668 451 3724 malus
473 3669 519 3725 uel
541 3671 632 3726 bonus
653 3682 788 3746 apparet.
812 3673 847 3727 Si
867 3690 942 3750 ergo
965 3672 1107 3748 quispiam
1132 3672 1214 3728 uerbi
1232 3673 1340 3750 gracia

354 3768 526 3830 conquestus
559 3759 595 3813 de
625 3759 775 3814 stomacho
813 3759 943 3815 ieiunare
974 3759 1110 3830 noluerit,
1148 3771 1175 3815 et
1211 3772 1243 3815 tu
1283 3778 1339 3816 non

354 3843 476 3900 credens
498 3845 650 3900 edacitatis
674 3846 747 3901 nicio
770 3846 919 3918 tribueris,
943 3858 1052 3903 temere
1073 3847 1224 3903 iudicabis.

407 4142 424 4173 t.
439 4133 472 4175 A:
488 4132 561 4175 corde
573 4133 645 4176 deest.
725 4135 747 4176 ⁶.
762 4135 793 4177 B:
811 4136 939 4191 quidquam
952 4137 1024 4179 deest.
1104 4136 1126 4180 8.
1141 4139 1175 4181 A:
1193 4137 1340 4180 abscondita.

356 4180 634 4240 1³.B:contempnemun.
682 4187 825 4231 21.B:enim
834 4189 899 4231 dicit.
944 4188 1126 4244 23.A:sijiunt.
1180 4190 1340 4233 28.A:snani-

356 4234 446 4280 tauta.
510 4236 545 4289 3⁴«
560 4238 590 4281 B:
605 4239 718 4282 incertum
732 4246 774 4283 est.
836 4239 868 4284 35.
883 4244 917 4284 A:
932 4244 988 4296 quia
1003 4254 1070 4285 nunc.
1131 4241 1164 4296 37.
1180 4247 1214 4286 A:
1229 4244 1339 4286 uoluerit.

409 4379 432 4429 5.
451 4381 470 4429 l.
488 4381 549 4430 Cor.
569 4382 611 4443 lV,
631 4382 655 4432 5.
729 4399 768 4450 ις).
787 4384 804 4433 l.
824 4384 893 4434 Tim.
908 4387 939 4448 V,
959 4401 999 4450 24.
