3082 5138
213 469 280 512 cue.
296 454 366 537 [su]
596 471 701 521 eumn
721 471 817 521 risus,
1357 477 1417 533 2¹9

214 634 343 710 quamvis
366 633 393 688 in
418 634 522 688 horum
547 632 637 688 eciam
662 632 758 688 verbis
786 651 841 688 nou
873 633 927 688 boc
955 632 1100 687 inuenitur
1126 633 1203 708 quod
1213 644 1291 688 Christ
1306 647 1362 688 does
1378 653 1419 688 not

214 721 376 798 optaverint
399 720 452 776 sed
475 720 552 795 quod
572 719 769 796 predixerint.
799 719 875 775 Nam
900 738 964 776 cum
984 719 1025 775 ait
1042 720 1201 776 Dominus:
1256 700 1376 793 ἳξξξξζῃξε

220 810 258 865 Ve
279 809 331 865 tibi
356 808 577 883 Capharnaum,
609 826 664 863 non
692 806 775 862 aliud
797 818 881 863 sonat
910 807 967 862 nisi
993 807 1103 882 aliquid
1132 807 1204 863 mali

215 897 241 952 ei
262 906 430 951 euenturum
454 895 559 951 merito
582 894 777 971 infidelitatis:
799 894 877 970 quod
892 894 1033 969 futurum
1058 895 1203 951 Dominus

192 989 269 1039 §nou
293 982 499 1038 malevolencia
524 983 645 1058 optauit,
679 982 732 1037 sed
756 981 935 1056 prescientia
965 981 1126 1038 divinitatis
1153 999 1204 1038 sue

216 1071 357 1127 cernebat.
392 1070 433 1125 Et
455 1068 613 1145 Apostolus
636 1086 691 1123 nou
715 1069 771 1123 ait:
804 1069 921 1125 Reddat
942 1069 994 1124 sed
1023 1069 1137 1125 Reddet
1160 1069 1205 1124 illi

217 1157 359 1213 Dominus
377 1156 534 1213 secundum
552 1156 656 1212 merita
679 1173 741 1226 sua,
759 1156 836 1230 quod
852 1156 970 1211 uerbum
984 1156 1204 1232 prenunciantis

217 1256 267 1313 est,
291 1262 346 1300 non
369 1244 564 1320 imprecantis.
590 1243 671 1298 Sicut
694 1255 721 1298 et
745 1243 781 1299 de
797 1243 848 1298 illa
864 1244 1020 1321 hypocrisi
1035 1244 1202 1314 Iudeorum‚

218 1333 252 1388 de
267 1350 322 1406 qua
346 1331 402 1387 iam
421 1331 528 1387 dictum
552 1342 607 1398 est,
631 1330 678 1386 cui
691 1330 870 1387 eversionem
887 1331 1038 1387 imminere
1057 1331 1203 1401 cernebat,

179 1439 207 1473 to
218 1420 328 1475 diceus:
351 1418 503 1474 Percuciet
518 1429 546 1473 te
562 1418 642 1473 Iteus
654 1418 756 1493 paries
772 1419 913 1474 dealbate.
938 1418 1087 1494 Prophete
1106 1429 1201 1474 autem

220 1506 348 1563 maxime
378 1505 471 1562 solent
493 1505 602 1583 figura
635 1505 821 1581 imprecantis
850 1506 960 1580 sutura
995 1506 1202 1581 prenunciarc,

216 1594 288 1650 sicut
295 1593 403 1671 figura
420 1593 559 1669 preteriti
579 1593 719 1668 temporis
742 1610 775 1647 ea
799 1611 852 1668 que
875 1603 996 1649 ventura
1020 1604 1112 1663 erant,
1136 1611 1204 1669 sepe

217 1681 395 1749 cecinerunt,·
425 1680 499 1736 sicut
522 1690 563 1736 est
587 1679 676 1735 illud:
715 1681 815 1747 Quare
836 1679 1029 1754 fremuerunt
1051 1691 1153 1757 gentes
1176 1692 1203 1736 et

214 1768 316 1844 populi
332 1767 464 1824 meditati
478 1778 545 1823 sunt
561 1765 680 1822 inania?
703 1767 770 1822 Non
787 1767 861 1822 enim
878 1767 934 1822 ait:
962 1767 1062 1836 Quare
1070 1767 1204 1841 frement

180 1861 318 1933 ibgentes
340 1866 367 1911 et
387 1854 491 1931 populi
511 1853 729 1910 meditabuntur
752 1854 858 1924 inania,
891 1872 955 1910 cum
986 1873 1020 1911 ea
1043 1873 1098 1911 nou
1122 1855 1206 1929 quasi

217 1945 274 1999 iam
302 1953 451 1998 transacta
476 1941 651 1997 meminisset
677 1941 730 1997 sed
757 1953 878 1997 uentura
903 1942 1096 2017 prospiceret.
1134 1942 1204 1998 Tale

218 2041 258 2086 est
281 2030 355 2085 illud
377 2029 483 2085 eciam:
510 2028 681 2084 Diviseruut
707 2028 763 2084 sibi
786 2028 953 2084 vestimenta
978 2047 1040 2085 mea
1064 2040 1091 2085 et
1114 2047 1203 2105 super

217 2128 321 2174 uestem
347 2135 440 2173 meam
464 2116 604 2171 miseruut
626 2125 752 2171 sortem:
785 2127 813 2171 et
845 2116 891 2172 ta'c
914 2116 987 2172 enim
1027 2133 1081 2172 nou
1111 2116 1204 2172 dixit.-

218 2205 357 2260 Divident
379 2203 435 2259 sibi
458 2203 626 2259 vestimenta
649 2221 713 2258 mea
736 2214 763 2259 et
785 2220 876 2278 super
892 2203 1091 2259 vestimentum
1108 2222 1202 2260 meum

176 2312 207 2346 20
218 2292 326 2347 mittent
363 2303 482 2348 sortem.
522 2290 584 2346 Nec
621 2301 716 2345 tamen
755 2291 791 2347 de
828 2290 883 2345 biis
921 2291 1017 2346 uerbis
1053 2291 1203 2366 quisquam

218 2378 442 2453 calumpniatur,
461 2377 516 2433 nisi
530 2378 579 2452 qui
593 2396 649 2434 nou
665 2377 749 2434 sentit
766 2377 916 2433 ueritatem
934 2377 1018 2433 istam
1029 2378 1203 2456 figurarum

129 2468 190 2534 377⁶
218 2467 244 2521 iu
273 2466 415 2540 loquendo
443 2465 515 2520 niltil
538 2464 655 2520 veritati
676 2482 775 2521 rerum
797 2459 801 2546 Ι
822 2464 952 2521 minuere
983 2476 1009 2520 et
1039 2465 1203 2541 plurimum

218 2555 329 2609 addere
350 2552 499 2627 affectibus
522 2552 695 2609 animorum.

263 2641 321 2695 Sed
352 2640 427 2695 illud
458 2638 556 2717 magis
587 2650 675 2716 urget
707 2639 792 2695 istam
822 2638 998 2713 questionem
1026 2639 1103 2714 quod
1135 2639 1206 2694 dicit
1228 2647 1300 2692 th
1315 2649 1403 2709 thesin

178 2727 375 2803 &Apostolus
395 2727 550 2782 lobannis:
583 2726 615 2781 Si
641 2726 704 2801 quis
731 2726 785 2781 scit
808 2743 933 2801 peccare
957 2725 1092 2799 fratrem
1120 2745 1203 2782 suum
1228 2702 1407 2797 {bss‘ssvffifffi

217 2826 367 2890 peccatum
392 2833 446 2869 nou
470 2813 509 2868 ad
532 2825 668 2882 mortem,
688 2813 846 2887 postulabit
863 2823 890 2867 et
907 2813 985 2868 dabit
1002 2813 1046 2867 illi
1063 2814 1206 2869 Dominus
1251 2807 1334 2900 ⁵l¹⁰¹¹s¹g¹
1352 2814 1392 2847 ¹¹⁰¹

221 2903 306 2957 uitam
331 2901 380 2976 qui
404 2912 506 2976 peccat
536 2919 590 2956 non
618 2901 658 2955 ad
684 2911 824 2956 mortem:
853 2911 1004 2974 peccatum
1036 2911 1130 2956 autem
1164 2911 1206 2956 est
1287 2871 1301 2912 p
1331 2871 1351 2912 y.

219 2991 258 3043 ad
286 2999 423 3058 mortem,
456 3006 510 3043 uon
540 3007 597 3063 pro
630 2987 681 3042 illo
714 2988 777 3043 dico
810 2998 839 3041 ut
872 2988 934 3061 quis
963 2999 1057 3063 roget.
1099 2989 1207 3063 Aperte

220 3076 292 3131 enim
317 3075 441 3130 ostendit
465 3076 605 3150 quosdam
630 3092 692 3130 esse
707 3075 827 3150 fratres
840 3092 898 3148 pro
914 3075 1015 3149 quibus
1039 3093 1127 3130 orare
1150 3093 1206 3130 non

178 3164 298 3220 bonobis
318 3163 493 3238 precipitur,
522 3181 585 3218 cum
612 3162 755 3217 Itomiuus
779 3162 868 3218 eciam
889 3180 947 3236 pro
968 3162 1207 3236 persecutoribus

220 3250 312 3305 iubeat
351 3268 403 3305 nos
439 3267 536 3304 orare.
577 3250 637 3304 Nec
669 3249 724 3304 ista
756 3249 865 3323 questio
899 3249 981 3304 sileri
1015 3261 1120 3325 potest,
1153 3249 1209 3305 nisi

214 3338 370 3410 sateamur
393 3355 454 3392 esse
476 3336 573 3411 aliqua
588 3347 708 3410 peccata
732 3336 759 3391 in
776 3335 1000 3410 fratribusque
1023 3337 1205 3392 inimicorum

218 3424 469 3499 persecucionibus
491 3425 636 3499 grauiora
660 3423 726 3478 siut.
759 3424 883 3478 Fratres
912 3434 1008 3479 autem
1032 3424 1208 3480 christianos

220 3511 384 3588 significari
420 3510 519 3566 multis
557 3511 724 3566 diuinarum
767 3510 983 3584 scripturarum
1030 3511 1208 3568 documentis

181 3604 209 3655 35
218 3599 342 3672 probari
372 3608 477 3674 potest.
510 3597 784 3672 Manifestissimum
823 3609 920 3654 tamen
952 3599 1027 3654 illud
1058 3609 1100 3655 est
1132 3599 1210 3672 quod

222 3685 376 3760 Apostolus
398 3686 437 3740 ita
459 3686 557 3761 ponit:
580 3685 784 3762 Sanctificatus
807 3697 848 3741 est
866 3686 913 3740 uir
929 3685 1054 3763 infidelis
1069 3686 1097 3741 in
1114 3704 1209 3743 uxore

221 3783 248 3827 et
270 3772 449 3849 sanctificata
474 3784 515 3829 est
539 3773 664 3850 infidelis
691 3773 718 3827 in
742 3772 856 3847 fratre.
890 3774 956 3829 Nou
988 3773 1062 3828 euim
1094 3773 1208 3828 addidit

273 4056 293 4087 2.
309 4044 338 4087 tt:
351 4049 501 4106 optumrum.
595 4044 617 4085 ὁ.
632 4045 666 4087 A:
680 4044 723 4106 sed
735 4043 819 4087 merita
833 4044 890 4087 etus.
958 4097 963 4105 ⁸
984 4046 1006 4087 8.
1021 4045 1054 4087 A:
1069 4056 1117 4106 non
1137 4043 1208 4087 deest.

223 4109 243 4156 9,
261 4098 289 4138 tt:
310 4102 334 4157 et
346 4109 471 4140 imminere.
542 4109 578 4158 Ιιι.
593 4099 627 4139 A:
641 4096 770 4159 predicere.
811 4150 814 4157 Ι
852 4108 887 4158 ῃ.
904 4096 932 4138 lt:
952 4096 994 4138 tlla
1012 4109 1090 4152 magu
1101 4103 1210 4158 'argeum

223 4149 255 4242 33qu
269 4150 587 4255 qtqeqtqqqqaonltheqsqtoss
602 4156 683 4242 sunqo.
706 4149 733 4191 lt:
759 4149 823 4191 dabit
846 4162 875 4192 er.
956 4148 990 4191 28.
1011 4149 1039 4191 tt:
1063 4161 1115 4203 qtus
1138 4152 1208 4193 deest.

279 4328 543 4390 10.oc1.xxttt,3.
636 4327 673 4376 13.
694 4327 838 4388 Psalmll,
862 4343 881 4375 t.
975 4343 1012 4391 17.
1032 4328 1065 4376 ib.
1085 4327 1149 4389 XXI,
1173 4344 1209 4393 to.

225 4396 491 4454 25.1.tot1.v,=o.
564 4399 604 4448 30.
624 4396 714 4445 Matth.
734 4398 773 4456 ΙΙΙ,
796 4413 839 4458 44.
916 4395 956 4447 36.
976 4398 993 4445 l.
1014 4397 1074 4446 Cor.
1095 4396 1148 4456 Vll,
1171 4412 1210 4460 14·
