3082 5138
153 1253 307 1310 chrysostom
315 1265 320 1292 :

146 1307 251 1361 Mystical
267 1319 329 1362 stm-

147 1360 234 1402 bolisin
248 1360 276 1401 ot
288 1359 325 1401 tlte

193 1424 273 1466 treet·

658 472 748 521 oecs
766 471 1020 521 monosticon
1174 451 1258 535 [car.
1273 466 1335 510 nn.

345 633 449 707 Aliqui
487 652 559 705 ergo
590 646 658 688 sunt
692 644 777 687 actus
810 631 840 686 in
874 629 985 686 talibus
1010 633 1073 685 Deo
1106 630 1224 704 proprii
1258 649 1338 705 quos

346 734 467 794 oportet
483 719 539 776 sibi
562 718 753 792 singulariter
770 735 922 774 reservare
946 731 974 773 et
998 716 1051 772 alii
1069 731 1155 773 actus
1179 720 1216 773 de
1233 736 1339 774 neces-

347 807 435 863 sitate
458 821 675 879 consequentes
703 805 755 878 qni
788 817 914 879 possunt
948 803 1063 860 homini
1096 804 1339 873 communicari;

349 894 398 950 ille
421 907 522 950 autem
546 892 597 967 qui
622 905 704 949 tenet
728 894 805 948 hanc
828 891 959 965 logicam
984 892 1098 948 tenebit
1115 907 1340 966 consequenter

348 984 513 1038 secundum
538 981 619 1053 quod
644 998 697 1053 per
721 981 800 1035 hanc
823 979 1008 1036 sentenciam
1034 992 1078 1035 cst
1103 978 1280 1050 dicendum,
1311 985 1366 1036 eti

348 1069 400 1143 qui
435 1067 531 1125 variat
555 1066 585 1123 in
609 1068 666 1123 hac
688 1066 788 1141 logica
811 1066 842 1122 in
866 1067 965 1123 verbis
989 1069 1156 1123 secundum
1181 1068 1266 1141 quod
1291 1085 1341 1123 ex-

350 1154 432 1229 pedit
455 1154 592 1211 variabit.

392 1244 451 1299 Sed
485 1241 610 1297 dimissa
648 1242 704 1298 ista
738 1241 864 1297 materia
898 1241 1127 1297 contencioncm
1161 1241 1340 1298 amantibus

348 1329 510 1385 ridendum
535 1342 580 1384 est
602 1327 676 1402 quid
700 1327 773 1384 dicit
789 1328 994 1385 Crisostomus
1018 1328 1048 1383 in
1074 1330 1130 1385 hoc
1154 1329 1233 1387 loc0.
1259 1332 1338 1385 Nam

349 1434 440 1490 super
463 1414 519 1472 isto
543 1428 623 1471 textu
647 1415 690 1471 sic
714 1416 862 1490 loquitur:
891 1415 953 1470 L'va
969 1416 1130 1471 misterium
1154 1417 1231 1473 inse
1253 1417 1341 1472 habet
1356 1437 1384 1470 ii·

353 1502 474 1560 Christi,
509 1503 588 1558 Sicut
619 1504 693 1558 enini
719 1503 821 1558 botrus
844 1503 936 1557 multa
965 1503 994 1556 in
1016 1521 1048 1558 se
1070 1521 1168 1578 grana
1193 1503 1341 1558 mediante

350 1590 431 1667 ligno
445 1590 605 1664 suspendit,
628 1591 670 1645 sic
693 1601 718 1645 et
740 1590 876 1646 Christus
891 1590 999 1645 rnidtos
1012 1589 1122 1664 fideles
1141 1609 1198 1665 per
1218 1591 1339 1668 signum

350 1677 446 1733 crucis
473 1688 549 1733 tenet
571 1677 733 1733 adiunctos.
769 1677 911 1732 Similiter
933 1677 1023 1732 eciam
1052 1677 1124 1733 sicut
1138 1678 1221 1753 ficus
1244 1678 1340 1733 muita

349 1783 447 1842 grana
480 1783 536 1820 nno
569 1765 697 1842 tegmine
718 1775 792 1820 tenet
825 1764 947 1832 inclusa,
984 1765 1025 1819 sic
1057 1776 1084 1819 et
1107 1765 1215 1821 ninitos
1229 1765 1341 1842 fideles

349 1852 434 1927 quasi
454 1853 580 1926 quodam
606 1851 686 1907 dirici
707 1852 841 1907 caritatis
863 1852 1003 1926 amplexu
1028 1870 1085 1905 uria
1108 1863 1184 1907 tenet
1207 1853 1339 1908 ecclesia.
1356 1858 1383 1906 15

350 1939 390 1993 Et
422 1950 487 1994 sunt
511 1939 539 1993 iu
558 1938 622 2015 ficu
645 1939 731 2016 signa
754 1940 804 1994 lec
826 1938 961 1993 caritatis
988 1950 1015 1994 et
1038 1939 1166 2008 unitatis,
1204 1940 1341 1995 caritatis

350 2025 465 2099 quidem
493 2025 521 2078 in
546 2024 706 2095 dulcedine,
729 2025 846 2079 unitatis
868 2037 965 2080 autent
988 2026 1016 2080 in
1040 2025 1243 2081 coninnccione
1265 2045 1341 2103 gra-

352 2130 466 2180 norum,
489 2112 562 2167 sicut
578 2112 720 2187 scriptum
739 2124 797 2167 est:
813 2109 895 2168 Deus
917 2112 967 2186 qui
988 2112 1154 2167 inhabitare
1170 2113 1252 2188 jacit
1268 2131 1340 2168 una-

352 2199 442 2253 nimes
473 2198 500 2253 in
534 2199 630 2255 donia.
677 2199 709 2253 In
742 2217 797 2253 uua
829 2209 925 2253 autem
960 2210 1002 2255 est
1036 2200 1185 2274 paciencie
1221 2200 1340 2276 quidem

350 2285 478 2362 signum,
507 2287 573 2360 quia
596 2286 625 2341 in
648 2286 795 2341 torculari
816 2287 952 2355 mittitur,
978 2287 1084 2363 gaudii
1105 2297 1202 2342 antem
1227 2288 1256 2342 in
1288 2306 1341 2363 spe
1353 2309 1383 2340 eo

351 2373 418 2447 qnia
448 2372 543 2427 ninum
567 2373 685 2448 letificat
717 2391 778 2441 cor,
816 2373 995 2429 sinceritatis
1026 2374 1092 2447 quia
1116 2393 1173 2429 non
1197 2385 1239 2430 est
1264 2393 1340 2449 aqua

349 2459 531 2533 permixtum
548 2469 575 2513 et
592 2460 747 2514 delectacio
763 2461 923 2516 simultatis.
949 2461 997 2516 De
1013 2461 1068 2515 hiis
1083 2472 1179 2516 autem
1196 2461 1341 2537 scriptum
1361 2515 1371 2527 ,,

351 2555 409 2601 est:
446 2546 574 2601 Fructus
605 2557 700 2602 autem
724 2547 845 2622 spiritus
868 2559 909 2603 est
933 2548 1053 2609 caritas.
1085 2548 1241 2625 gaudium,
1264 2567 1342 2624 pax,

348 2632 508 2707 paciencia,
525 2633 647 2703 bonitas,
664 2633 962 2709 ›transiretud0,fides,
980 2635 1131 2706 modestia,
1148 2636 1339 2691 continencia.

352 2719 440 2794 Spiue
461 2729 556 2776 autem
584 2731 650 2776 suut
680 2720 809 2788 heretici,
841 2721 914 2776 sicut
946 2739 1044 2777 sermo
1072 2722 1133 2797 ipse
1157 2722 1342 2779 demonstrat
1354 2728 1383 2777 25

351 2806 486 2880 superius
510 2806 625 2862 dicens:
648 2807 794 2862 Attendite
820 2826 838 2861 a
854 2808 949 2882 salsis
968 2809 1131 2883 prophetis.
1170 2809 1260 2887 Ergo
1284 2829 1342 2866 non

348 2903 471 2967 possunt
498 2893 581 2968 spine
610 2904 637 2949 et
669 2894 771 2949 tribuli
803 2894 1013 2951 ecclesiasticos
1033 2896 1158 2970 fructus
1184 2897 1341 2972 proferre.

351 2980 411 3036 Sed
425 2980 495 3054 quid
507 2981 689 3055 proferunt?
713 2981 847 3051 Vulnera,
864 2982 1071 3038 tribulaciones
1093 2995 1120 3038 et
1136 2995 1233 3039 cetera
1250 2985 1343 3056 mala,

350 3068 594 3142 quemadmodum
626 3069 710 3144 spina
749 3069 795 3123 nel
826 3069 952 3125 tribulus
983 3088 1022 3126 ex
1053 3089 1222 3146 quacunque
1251 3083 1345 3147 parte

351 3154 432 3209 illam
456 3156 644 3230 conspexeris
668 3155 753 3210 habet
775 3156 908 3211 aculeos:
930 3157 972 3212 sic
995 3168 1023 3213 et
1045 3176 1146 3214 seri-os
1169 3158 1282 3214 diaboli
1304 3166 1386 3215 ex30

353 3258 521 3315 quacunque
540 3253 629 3317 parte
660 3243 894 3299 consideraveris
926 3244 1122 3318 iniquitatibus
1156 3246 1240 3321 pleni
1275 3257 1343 3301 sunt

352 3338 382 3381 ut
404 3346 508 3383 servus
532 3329 647 3383 diaboli.
679 3330 712 3384 Si
735 3329 874 3404 loquitur,
898 3331 925 3384 in
951 3331 1018 3386 dolo
1042 3331 1179 3405 loquitur,
1201 3333 1229 3388 si
1255 3343 1342 3403 tacet,

352 3415 429 3470 iriale
451 3416 572 3493 cogitat,
595 3417 621 3471 si
643 3416 791 3486 irascitur,
815 3417 930 3483 insanit,
953 3418 980 3473 si
997 3419 1150 3493 pacienter
1171 3421 1245 3497 agit,
1269 3432 1342 3476 tem·

348 3520 405 3576 pus
428 3515 578 3578 exspectat
593 3504 715 3559 nocendi
736 3515 763 3558 et
779 3504 1003 3579 oportunitatem
1023 3507 1200 3578 considerat,
1224 3509 1343 3582 quando

352 3600 461 3645 noceat.
487 3590 520 3645 Si
535 3591 611 3646 male
626 3591 701 3668 agit,
724 3610 778 3647 nort
795 3592 946 3660 erubescit,
962 3593 989 3647 si
1004 3593 1167 3668 benefacit,
1177 3597 1218 3649 ad
1234 3600 1383 3652 vanun135

351 3676 482 3753 gloriam
503 3688 632 3753 propter
655 3679 784 3734 homines
799 3679 890 3752 sacit.
918 3679 1073 3745 Quomodo
1095 3683 1233 3756 proferat
1249 3683 1341 3756 sruc-

352 3774 413 3817 tum
438 3764 553 3839 bonum,
587 3767 668 3819 cuius
692 3766 783 3821 radix
806 3766 939 3822 diabolus
962 3768 1027 3822 est?
1050 3768 1109 3823 Sub
1133 3771 1244 3825 arbore
1266 3770 1343 3824 bona

352 3861 380 3905 et
395 3851 483 3906 bestie
505 3862 532 3906 et
554 3851 693 3906 animalia
710 3853 900 3927 requiescunt,
922 3854 975 3909 sub
997 3854 1088 3930 spinis
1108 3868 1204 3911 autem
1228 3856 1343 3911 nullum

405 4160 427 4193 ο.
442 4151 464 4190 Α
478 4148 501 4190 in
522 4161 608 4203 marg:
625 4146 791 4192 Crisostomus.
847 4160 875 4192 12.
892 4151 924 4192 A:
939 4150 1038 4206 tignum.
1093 4151 1121 4194 15.
1137 4153 1170 4195 Α;
1186 4155 1258 4208 quasi
1271 4155 1345 4198 deest.

353 4211 385 4253 19.
400 4195 430 4243 B:
446 4201 469 4242 in
485 4203 547 4244 deest
562 4202 640 4244 before
654 4214 706 4244 uua.
759 4201 794 4246 28.
810 4202 839 4243 B:
855 4208 877 4245 et
890 4208 968 4245 cetera
982 4205 1044 4246 mala
1059 4205 1130 4247 deest.

409 4342 428 4375 1.
449 4327 575 4391 Oplmp.
597 4329 615 4376 l.
634 4343 655 4376 c.
675 4345 699 4392 p.
719 4328 779 4380 830.
838 4328 1135 4393 18.t>satm.1,xvtt,7.
1186 4346 1228 4380 22.
1241 4332 1342 4382 Psalm.

354 4396 417 4456 Clll,
441 4398 478 4444 15.
551 4399 591 4449 23.
611 4398 668 4446 Gal.
688 4399 720 4457 V,
740 4413 780 4459 aa,
801 4400 841 4449 23.
