<?xml version="1.0" encoding="UTF-8"?>
<!DOCTYPE html PUBLIC "-//W3C//DTD XHTML 1.0 Transitional//EN"
    "http://www.w3.org/TR/xhtml1/DTD/xhtml1-transitional.dtd">
<html xmlns="http://www.w3.org/1999/xhtml" xml:lang="en" lang="en">
 <head>
  <title>
</title>
<meta http-equiv="Content-Type" content="text/html;charset=utf-8" />
  <meta name='ocr-system' content='tesseract 3.04.00' />
  <meta name='ocr-capabilities' content='ocr_page ocr_carea ocr_par ocr_line ocrx_word'/>
</head>
<body>
  <div class='ocr_page' id='page_1' title='image "./iohanniswyclifo00wyclgoog_0460.png"; bbox 0 0 3030 5124; ppageno 0'>
   <div class='ocr_carea' id='block_1_1' title="bbox 182 485 816 569">
    <p class='ocr_par' dir='ltr' id='par_1_1' title="bbox 182 485 816 569">
     <span class='ocr_line' id='line_1_1' title="bbox 182 485 816 569; baseline 0.008 -23"><span class='ocrx_word' id='word_1_1' title='bbox 182 500 250 544; x_wconf 62' lang='lat' dir='ltr'>cae,</span> <span class='ocrx_word' id='word_1_2' title='bbox 265 485 361 569; x_wconf 70' lang='lat' dir='ltr'>iven]</span> <span class='ocrx_word' id='word_1_3' title='bbox 540 503 701 552; x_wconf 78' lang='lat' dir='ltr'>sncunnn</span> <span class='ocrx_word' id='word_1_4' title='bbox 722 504 816 552; x_wconf 76' lang='lat' dir='ltr'>raas.</span> 
     </span>
    </p>
   </div>
   <div class='ocr_carea' id='block_1_2' title="bbox 143 661 1177 3704">
    <p class='ocr_par' dir='ltr' id='par_1_2' title="bbox 143 661 1177 3704">
     <span class='ocr_line' id='line_1_2' title="bbox 182 661 1172 739; baseline 0 -18"><span class='ocrx_word' id='word_1_5' title='bbox 182 684 243 723; x_wconf 93' lang='lat' dir='ltr'>non</span> <span class='ocrx_word' id='word_1_6' title='bbox 267 676 456 739; x_wconf 83' lang='lat' dir='ltr'><strong>perstrepent</strong></span> <span class='ocrx_word' id='word_1_7' title='bbox 479 662 692 722; x_wconf 89' lang='lat' dir='ltr'>contenciones</span> <span class='ocrx_word' id='word_1_8' title='bbox 715 664 852 720; x_wconf 87' lang='lat' dir='ltr'>Fratrum</span> <span class='ocrx_word' id='word_1_9' title='bbox 878 665 915 719; x_wconf 92' lang='lat' dir='ltr'>de</span> <span class='ocrx_word' id='word_1_10' title='bbox 940 661 1106 720; x_wconf 87' lang='lat' dir='ltr'>mendaciis</span> <span class='ocrx_word' id='word_1_11' title='bbox 1128 663 1172 721; x_wconf 91' lang='lat' dir='ltr'>in·</span> 
     </span>
     <span class='ocr_line' id='line_1_3' title="bbox 183 749 1173 827; baseline -0.001 -18"><span class='ocrx_word' id='word_1_12' title='bbox 183 750 334 827; x_wconf 91' lang='lat' dir='ltr'>cepcionis</span> <span class='ocrx_word' id='word_1_13' title='bbox 358 764 387 809; x_wconf 90' lang='lat' dir='ltr'>et</span> <span class='ocrx_word' id='word_1_14' title='bbox 410 749 599 826; x_wconf 88' lang='lat' dir='ltr'>prevalencie</span> <span class='ocrx_word' id='word_1_15' title='bbox 623 749 667 806; x_wconf 93' lang='lat' dir='ltr'>sui</span> <span class='ocrx_word' id='word_1_16' title='bbox 695 749 811 807; x_wconf 83' lang='lat' dir='ltr'>ordinis</span> <span class='ocrx_word' id='word_1_17' title='bbox 827 768 895 806; x_wconf 90' lang='lat' dir='ltr'>cnm</span> <span class='ocrx_word' id='word_1_18' title='bbox 914 749 980 806; x_wconf 90' lang='lat' dir='ltr'>aliis</span> <span class='ocrx_word' id='word_1_19' title='bbox 1004 751 1173 808; x_wconf 84' lang='lat' dir='ltr'>mendaciis</span> 
     </span>
     <span class='ocr_line' id='line_1_4' title="bbox 182 836 1172 914; baseline 0 -18"><span class='ocrx_word' id='word_1_20' title='bbox 182 857 277 914; x_wconf 88' lang='lat' dir='ltr'>usqne</span> <span class='ocrx_word' id='word_1_21' title='bbox 301 841 338 895; x_wconf 93' lang='lat' dir='ltr'>ad</span> <span class='ocrx_word' id='word_1_22' title='bbox 356 838 431 895; x_wconf 92' lang='lat' dir='ltr'>illud</span> <span class='ocrx_word' id='word_1_23' title='bbox 455 837 600 894; x_wconf 91' lang='lat' dir='ltr'>iudicium</span> <span class='ocrx_word' id='word_1_24' title='bbox 626 836 782 893; x_wconf 90' lang='lat' dir='ltr'>seminatis</span> <span class='ocrx_word' id='word_1_25' title='bbox 821 840 857 893; x_wconf 88' lang='lat' dir='ltr'>Et</span> <span class='ocrx_word' id='word_1_26' title='bbox 882 856 914 894; x_wconf 85' lang='lat' dir='ltr'>ex</span> <span class='ocrx_word' id='word_1_27' title='bbox 931 838 988 894; x_wconf 93' lang='lat' dir='ltr'>hoc</span> <span class='ocrx_word' id='word_1_28' title='bbox 1013 852 1172 896; x_wconf 81' lang='lat' dir='ltr'>moventur</span> 
     </span>
     <span class='ocr_line' id='line_1_5' title="bbox 182 923 1172 1001; baseline 0 -19"><span class='ocrx_word' id='word_1_29' title='bbox 182 927 307 1001; x_wconf 89' lang='lat' dir='ltr'>quidam</span> <span class='ocrx_word' id='word_1_30' title='bbox 323 927 460 1001; x_wconf 83' lang='lat' dir='ltr'>garrulas</span> <span class='ocrx_word' id='word_1_31' title='bbox 484 943 571 982; x_wconf 87' lang='lat' dir='ltr'>voces</span> <span class='ocrx_word' id='word_1_32' title='bbox 595 924 746 982; x_wconf 88' lang='lat' dir='ltr'>dimittere</span> <span class='ocrx_word' id='word_1_33' title='bbox 770 937 798 980; x_wconf 87' lang='lat' dir='ltr'>et</span> <span class='ocrx_word' id='word_1_34' title='bbox 822 924 898 981; x_wconf 91' lang='lat' dir='ltr'>iuste</span> <span class='ocrx_word' id='word_1_35' title='bbox 920 923 982 981; x_wconf 86' lang='lat' dir='ltr'>vite</span> <span class='ocrx_word' id='word_1_36' title='bbox 1005 924 1172 997; x_wconf 74' lang='lat' dir='ltr'>intendere,</span> 
     </span>
     <span class='ocr_line' id='line_1_6' title="bbox 157 1010 1173 1090; baseline 0 -20"><span class='ocrx_word' id='word_1_37' title='bbox 157 1014 252 1090; x_wconf 77' lang='lat' dir='ltr'>5quia</span> <span class='ocrx_word' id='word_1_38' title='bbox 286 1032 319 1070; x_wconf 88' lang='lat' dir='ltr'>ex</span> <span class='ocrx_word' id='word_1_39' title='bbox 347 1015 404 1070; x_wconf 91' lang='lat' dir='ltr'>hoc</span> <span class='ocrx_word' id='word_1_40' title='bbox 433 1028 461 1069; x_wconf 89' lang='lat' dir='ltr'>et</span> <span class='ocrx_word' id='word_1_41' title='bbox 490 1031 550 1069; x_wconf 94' lang='lat' dir='ltr'>non</span> <span class='ocrx_word' id='word_1_42' title='bbox 576 1031 609 1069; x_wconf 83' lang='lat' dir='ltr'>ex</span> <span class='ocrx_word' id='word_1_43' title='bbox 634 1011 726 1087; x_wconf 89' lang='lat' dir='ltr'>priori</span> <span class='ocrx_word' id='word_1_44' title='bbox 750 1011 889 1069; x_wconf 89' lang='lat' dir='ltr'>homines</span> <span class='ocrx_word' id='word_1_45' title='bbox 912 1010 942 1067; x_wconf 93' lang='lat' dir='ltr'>in</span> <span class='ocrx_word' id='word_1_46' title='bbox 976 1011 1027 1068; x_wconf 95' lang='lat' dir='ltr'>illo</span> <span class='ocrx_word' id='word_1_47' title='bbox 1059 1012 1173 1070; x_wconf 89' lang='lat' dir='ltr'>iudicio</span> 
     </span>
     <span class='ocr_line' id='line_1_7' title="bbox 182 1099 1173 1173; baseline 0.001 -17"><span class='ocrx_word' id='word_1_48' title='bbox 182 1114 252 1158; x_wconf 93' lang='lat' dir='ltr'>sunt</span> <span class='ocrx_word' id='word_1_49' title='bbox 274 1100 419 1158; x_wconf 89' lang='lat' dir='ltr'>salvandi.</span> <span class='ocrx_word' id='word_1_50' title='bbox 445 1103 480 1157; x_wconf 87' lang='lat' dir='ltr'>Et</span> <span class='ocrx_word' id='word_1_51' title='bbox 497 1102 553 1156; x_wconf 91' lang='lat' dir='ltr'>hoc</span> <span class='ocrx_word' id='word_1_52' title='bbox 578 1112 678 1157; x_wconf 88' lang='lat' dir='ltr'>movet</span> <span class='ocrx_word' id='word_1_53' title='bbox 694 1099 822 1173; x_wconf 92' lang='lat' dir='ltr'>aliquos,</span> <span class='ocrx_word' id='word_1_54' title='bbox 840 1117 877 1156; x_wconf 91' lang='lat' dir='ltr'>ne</span> <span class='ocrx_word' id='word_1_55' title='bbox 900 1101 1025 1156; x_wconf 91' lang='lat' dir='ltr'>credant</span> <span class='ocrx_word' id='word_1_56' title='bbox 1049 1118 1173 1157; x_wconf 87' lang='lat' dir='ltr'>erronee</span> 
     </span>
     <span class='ocr_line' id='line_1_8' title="bbox 182 1186 1173 1263; baseline 0 -19"><span class='ocrx_word' id='word_1_57' title='bbox 182 1189 212 1244; x_wconf 93' lang='lat' dir='ltr'>in</span> <span class='ocrx_word' id='word_1_58' title='bbox 237 1191 293 1245; x_wconf 89' lang='lat' dir='ltr'>hac</span> <span class='ocrx_word' id='word_1_59' title='bbox 317 1187 374 1257; x_wconf 90' lang='lat' dir='ltr'>via,</span> <span class='ocrx_word' id='word_1_60' title='bbox 399 1190 480 1263; x_wconf 92' lang='lat' dir='ltr'>quod</span> <span class='ocrx_word' id='word_1_61' title='bbox 505 1190 631 1244; x_wconf 87' lang='lat' dir='ltr'>credant</span> <span class='ocrx_word' id='word_1_62' title='bbox 654 1186 803 1260; x_wconf 88' lang='lat' dir='ltr'>scripture</span> <span class='ocrx_word' id='word_1_63' title='bbox 828 1199 855 1243; x_wconf 92' lang='lat' dir='ltr'>et</span> <span class='ocrx_word' id='word_1_64' title='bbox 880 1206 941 1243; x_wconf 95' lang='lat' dir='ltr'>non</span> <span class='ocrx_word' id='word_1_65' title='bbox 965 1186 1047 1243; x_wconf 90' lang='lat' dir='ltr'>falsis</span> <span class='ocrx_word' id='word_1_66' title='bbox 1063 1187 1173 1244; x_wconf 85' lang='lat' dir='ltr'>sabulis</span> 
     </span>
     <span class='ocr_line' id='line_1_9' title="bbox 183 1273 1172 1349; baseline 0.001 -19"><span class='ocrx_word' id='word_1_67' title='bbox 183 1294 239 1333; x_wconf 90' lang='lat' dir='ltr'>nec</span> <span class='ocrx_word' id='word_1_68' title='bbox 277 1277 359 1349; x_wconf 85' lang='lat' dir='ltr'>glose</span> <span class='ocrx_word' id='word_1_69' title='bbox 397 1273 577 1331; x_wconf 90' lang='lat' dir='ltr'>infundabili</span> <span class='ocrx_word' id='word_1_70' title='bbox 610 1276 662 1331; x_wconf 85' lang='lat' dir='ltr'>sed</span> <span class='ocrx_word' id='word_1_71' title='bbox 696 1273 921 1330; x_wconf 73' lang='lat' dir='ltr'>conversacioni</span> <span class='ocrx_word' id='word_1_72' title='bbox 955 1273 1070 1331; x_wconf 91' lang='lat' dir='ltr'>domini</span> <span class='ocrx_word' id='word_1_73' title='bbox 1103 1277 1172 1331; x_wconf 84' lang='lat' dir='ltr'>lesu</span> 
     </span>
     <span class='ocr_line' id='line_1_10' title="bbox 184 1360 1171 1438; baseline -0.005 -18"><span class='ocrx_word' id='word_1_74' title='bbox 184 1362 304 1432; x_wconf 89' lang='lat' dir='ltr'>Christi,</span> <span class='ocrx_word' id='word_1_75' title='bbox 329 1362 400 1438; x_wconf 87' lang='lat' dir='ltr'>quia</span> <span class='ocrx_word' id='word_1_76' title='bbox 424 1363 502 1419; x_wconf 84' lang='lat' dir='ltr'>lacta</span> <span class='ocrx_word' id='word_1_77' title='bbox 526 1363 599 1420; x_wconf 92' lang='lat' dir='ltr'>dant</span> <span class='ocrx_word' id='word_1_78' title='bbox 623 1362 712 1418; x_wconf 86' lang='lat' dir='ltr'>tidem</span> <span class='ocrx_word' id='word_1_79' title='bbox 738 1360 940 1418; x_wconf 82' lang='lat' dir='ltr'>efficaciorem</span> <span class='ocrx_word' id='word_1_80' title='bbox 964 1381 1056 1436; x_wconf 89' lang='lat' dir='ltr'>quam</span> <span class='ocrx_word' id='word_1_81' title='bbox 1073 1380 1171 1419; x_wconf 91' lang='lat' dir='ltr'>voces.</span> 
     </span>
     <span class='ocr_line' id='line_1_11' title="bbox 143 1448 1171 1524; baseline -0.003 -17"><span class='ocrx_word' id='word_1_82' title='bbox 143 1469 174 1501; x_wconf 89' lang='lat'>10</span> <span class='ocrx_word' id='word_1_83' title='bbox 226 1449 336 1507; x_wconf 86' lang='lat' dir='ltr'>Tercio</span> <span class='ocrx_word' id='word_1_84' title='bbox 360 1450 478 1507; x_wconf 90' lang='lat' dir='ltr'>videtur</span> <span class='ocrx_word' id='word_1_85' title='bbox 503 1450 582 1506; x_wconf 93' lang='lat' dir='ltr'>hunc</span> <span class='ocrx_word' id='word_1_86' title='bbox 606 1463 744 1506; x_wconf 89' lang='lat' dir='ltr'>sanctum</span> <span class='ocrx_word' id='word_1_87' title='bbox 770 1448 927 1505; x_wconf 86' lang='lat' dir='ltr'>intendere</span> <span class='ocrx_word' id='word_1_88' title='bbox 959 1450 1041 1523; x_wconf 92' lang='lat' dir='ltr'>quod</span> <span class='ocrx_word' id='word_1_89' title='bbox 1066 1451 1171 1524; x_wconf 89' lang='lat' dir='ltr'>damp-</span> 
     </span>
     <span class='ocr_line' id='line_1_12' title="bbox 184 1535 1172 1611; baseline 0.001 -19"><span class='ocrx_word' id='word_1_90' title='bbox 184 1537 275 1594; x_wconf 91' lang='lat' dir='ltr'>nandi</span> <span class='ocrx_word' id='word_1_91' title='bbox 300 1537 330 1593; x_wconf 93' lang='lat' dir='ltr'>in</span> <span class='ocrx_word' id='word_1_92' title='bbox 355 1536 403 1593; x_wconf 89' lang='lat' dir='ltr'>die</span> <span class='ocrx_word' id='word_1_93' title='bbox 426 1536 528 1593; x_wconf 87' lang='lat' dir='ltr'>indicii</span> <span class='ocrx_word' id='word_1_94' title='bbox 553 1536 654 1593; x_wconf 90' lang='lat' dir='ltr'>dicent</span> <span class='ocrx_word' id='word_1_95' title='bbox 678 1535 708 1592; x_wconf 91' lang='lat' dir='ltr'>in</span> <span class='ocrx_word' id='word_1_96' title='bbox 734 1549 834 1592; x_wconf 87' lang='lat' dir='ltr'>mente</span> <span class='ocrx_word' id='word_1_97' title='bbox 858 1548 886 1592; x_wconf 89' lang='lat' dir='ltr'>et</span> <span class='ocrx_word' id='word_1_98' title='bbox 910 1549 995 1610; x_wconf 85' lang='lat' dir='ltr'>gestu</span> <span class='ocrx_word' id='word_1_99' title='bbox 1016 1539 1172 1611; x_wconf 92' lang='lat' dir='ltr'>quomodo</span> 
     </span>
     <span class='ocr_line' id='line_1_13' title="bbox 185 1622 1174 1698; baseline 0.002 -19"><span class='ocrx_word' id='word_1_100' title='bbox 185 1625 319 1682; x_wconf 82' lang='lat' dir='ltr'>fecerunt</span> <span class='ocrx_word' id='word_1_101' title='bbox 345 1626 439 1681; x_wconf 89' lang='lat' dir='ltr'>multa</span> <span class='ocrx_word' id='word_1_102' title='bbox 463 1626 543 1680; x_wconf 91' lang='lat' dir='ltr'>bona</span> <span class='ocrx_word' id='word_1_103' title='bbox 567 1626 603 1680; x_wconf 87' lang='lat' dir='ltr'>de</span> <span class='ocrx_word' id='word_1_104' title='bbox 627 1642 736 1695; x_wconf 76' lang='lat' dir='ltr'>genere</span> <span class='ocrx_word' id='word_1_105' title='bbox 760 1625 811 1679; x_wconf 89' lang='lat' dir='ltr'>sed</span> <span class='ocrx_word' id='word_1_106' title='bbox 836 1622 900 1679; x_wconf 90' lang='lat' dir='ltr'>sine</span> <span class='ocrx_word' id='word_1_107' title='bbox 925 1623 1020 1679; x_wconf 86' lang='lat' dir='ltr'>vocali</span> <span class='ocrx_word' id='word_1_108' title='bbox 1045 1624 1174 1698; x_wconf 89' lang='lat' dir='ltr'>strepitu</span> 
     </span>
     <span class='ocr_line' id='line_1_14' title="bbox 186 1709 1174 1785; baseline 0 -17"><span class='ocrx_word' id='word_1_109' title='bbox 186 1715 265 1768; x_wconf 89' lang='lat' dir='ltr'>Deus</span> <span class='ocrx_word' id='word_1_110' title='bbox 289 1730 339 1769; x_wconf 85' lang='lat' dir='ltr'>eos</span> <span class='ocrx_word' id='word_1_111' title='bbox 364 1730 396 1768; x_wconf 88' lang='lat' dir='ltr'>ex</span> <span class='ocrx_word' id='word_1_112' title='bbox 420 1730 474 1768; x_wconf 90' lang='lat' dir='ltr'>sua</span> <span class='ocrx_word' id='word_1_113' title='bbox 497 1711 626 1785; x_wconf 88' lang='lat' dir='ltr'>ypocrisi</span> <span class='ocrx_word' id='word_1_114' title='bbox 652 1724 681 1767; x_wconf 92' lang='lat' dir='ltr'>et</span> <span class='ocrx_word' id='word_1_115' title='bbox 705 1712 822 1767; x_wconf 84' lang='lat' dir='ltr'>defectu</span> <span class='ocrx_word' id='word_1_116' title='bbox 853 1709 898 1766; x_wconf 89' lang='lat' dir='ltr'>sui</span> <span class='ocrx_word' id='word_1_117' title='bbox 923 1710 1039 1767; x_wconf 76' lang='lat' dir='ltr'>servicii</span> <span class='ocrx_word' id='word_1_118' title='bbox 1068 1729 1174 1768; x_wconf 89' lang='lat' dir='ltr'>secun-</span> 
     </span>
     <span class='ocr_line' id='line_1_15' title="bbox 185 1797 1175 1873; baseline 0 -19"><span class='ocrx_word' id='word_1_119' title='bbox 185 1800 257 1855; x_wconf 92' lang='lat' dir='ltr'>dum</span> <span class='ocrx_word' id='word_1_120' title='bbox 281 1798 378 1873; x_wconf 81' lang='lat' dir='ltr'>legem</span> <span class='ocrx_word' id='word_1_121' title='bbox 398 1798 601 1872; x_wconf 78' lang='lat' dir='ltr'>evangelicam</span> <span class='ocrx_word' id='word_1_122' title='bbox 625 1797 786 1860; x_wconf 77' lang='lat' dir='ltr'>iudicabit:</span> <span class='ocrx_word' id='word_1_123' title='bbox 811 1811 839 1854; x_wconf 91' lang='lat' dir='ltr'>et</span> <span class='ocrx_word' id='word_1_124' title='bbox 863 1811 948 1854; x_wconf 91' lang='lat' dir='ltr'>notat</span> <span class='ocrx_word' id='word_1_125' title='bbox 973 1799 1101 1855; x_wconf 89' lang='lat' dir='ltr'>multum</span> <span class='ocrx_word' id='word_1_126' title='bbox 1127 1797 1175 1855; x_wconf 94' lang='lat' dir='ltr'>hic</span> 
     </span>
     <span class='ocr_line' id='line_1_16' title="bbox 160 1885 1175 1960; baseline 0.001 -20"><span class='ocrx_word' id='word_1_127' title='bbox 160 1890 306 1943; x_wconf 66' lang='lat' dir='ltr'>§sanctus</span> <span class='ocrx_word' id='word_1_128' title='bbox 330 1887 485 1960; x_wconf 93' lang='lat' dir='ltr'>quomodo</span> <span class='ocrx_word' id='word_1_129' title='bbox 509 1885 694 1959; x_wconf 85' lang='lat' dir='ltr'>dampnandi</span> <span class='ocrx_word' id='word_1_130' title='bbox 720 1885 821 1942; x_wconf 91' lang='lat' dir='ltr'>dicent</span> <span class='ocrx_word' id='word_1_131' title='bbox 842 1886 922 1960; x_wconf 93' lang='lat' dir='ltr'>qnod</span> <span class='ocrx_word' id='word_1_132' title='bbox 955 1888 1175 1959; x_wconf 86' lang='lat' dir='ltr'>prophetarunt</span> 
     </span>
     <span class='ocr_line' id='line_1_17' title="bbox 187 1971 1174 2047; baseline -0.001 -18"><span class='ocrx_word' id='word_1_133' title='bbox 187 1973 216 2029; x_wconf 95' lang='lat' dir='ltr'>in</span> <span class='ocrx_word' id='word_1_134' title='bbox 240 1971 363 2029; x_wconf 90' lang='lat' dir='ltr'>nomine</span> <span class='ocrx_word' id='word_1_135' title='bbox 377 1972 489 2030; x_wconf 89' lang='lat' dir='ltr'>Christi</span> <span class='ocrx_word' id='word_1_136' title='bbox 505 1971 689 2046; x_wconf 85' lang='lat' dir='ltr'>superficiali</span> <span class='ocrx_word' id='word_1_137' title='bbox 701 1972 884 2047; x_wconf 88' lang='lat' dir='ltr'>apparencia</span> <span class='ocrx_word' id='word_1_138' title='bbox 895 1974 997 2047; x_wconf 92' lang='lat' dir='ltr'>quoad</span> <span class='ocrx_word' id='word_1_139' title='bbox 1016 1975 1174 2044; x_wconf 92' lang='lat' dir='ltr'>mnndum,</span> 
     </span>
     <span class='ocr_line' id='line_1_18' title="bbox 188 2059 1175 2134; baseline 0 -18"><span class='ocrx_word' id='word_1_140' title='bbox 188 2062 239 2116; x_wconf 92' lang='lat' dir='ltr'>sed</span> <span class='ocrx_word' id='word_1_141' title='bbox 264 2078 325 2116; x_wconf 92' lang='lat' dir='ltr'>non</span> <span class='ocrx_word' id='word_1_142' title='bbox 337 2075 465 2134; x_wconf 88' lang='lat' dir='ltr'>possunt</span> <span class='ocrx_word' id='word_1_143' title='bbox 482 2061 608 2117; x_wconf 83' lang='lat' dir='ltr'>evadere</span> <span class='ocrx_word' id='word_1_144' title='bbox 625 2079 713 2116; x_wconf 92' lang='lat' dir='ltr'>suum</span> <span class='ocrx_word' id='word_1_145' title='bbox 738 2060 889 2116; x_wconf 86' lang='lat' dir='ltr'>defectum</span> <span class='ocrx_word' id='word_1_146' title='bbox 914 2061 959 2117; x_wconf 90' lang='lat' dir='ltr'>vel</span> <span class='ocrx_word' id='word_1_147' title='bbox 977 2059 1175 2116; x_wconf 90' lang='lat' dir='ltr'>omissionem</span> 
     </span>
     <span class='ocr_line' id='line_1_19' title="bbox 186 2146 1176 2222; baseline 0 -19"><span class='ocrx_word' id='word_1_148' title='bbox 186 2147 217 2203; x_wconf 83' lang='lat' dir='ltr'>ln</span> <span class='ocrx_word' id='word_1_149' title='bbox 255 2146 313 2205; x_wconf 89' lang='lat' dir='ltr'>isto</span> <span class='ocrx_word' id='word_1_150' title='bbox 352 2150 453 2222; x_wconf 91' lang='lat' dir='ltr'>quoad</span> <span class='ocrx_word' id='word_1_151' title='bbox 486 2146 699 2222; x_wconf 89' lang='lat' dir='ltr'>obliquitatem</span> <span class='ocrx_word' id='word_1_152' title='bbox 739 2146 930 2219; x_wconf 79' lang='lat' dir='ltr'>intensionis,</span> <span class='ocrx_word' id='word_1_153' title='bbox 969 2150 1069 2222; x_wconf 87' lang='lat' dir='ltr'>quoad</span> <span class='ocrx_word' id='word_1_154' title='bbox 1108 2149 1176 2203; x_wconf 92' lang='lat' dir='ltr'>sub-</span> 
     </span>
     <span class='ocr_line' id='line_1_20' title="bbox 187 2233 1175 2309; baseline -0.001 -18"><span class='ocrx_word' id='word_1_155' title='bbox 187 2234 333 2292; x_wconf 89' lang='lat' dir='ltr'>stanciam</span> <span class='ocrx_word' id='word_1_156' title='bbox 374 2234 446 2292; x_wconf 91' lang='lat' dir='ltr'>dicti</span> <span class='ocrx_word' id='word_1_157' title='bbox 486 2248 514 2291; x_wconf 89' lang='lat' dir='ltr'>et</span> <span class='ocrx_word' id='word_1_158' title='bbox 560 2236 661 2309; x_wconf 91' lang='lat' dir='ltr'>quoad</span> <span class='ocrx_word' id='word_1_159' title='bbox 706 2233 940 2308; x_wconf 90' lang='lat' dir='ltr'>occupacionem</span> <span class='ocrx_word' id='word_1_160' title='bbox 990 2236 1175 2291; x_wconf 88' lang='lat' dir='ltr'>mundanam</span> 
     </span>
     <span class='ocr_line' id='line_1_21' title="bbox 143 2320 1177 2396; baseline 0 -19"><span class='ocrx_word' id='word_1_161' title='bbox 143 2343 176 2377; x_wconf 82' lang='lat'>20</span> <span class='ocrx_word' id='word_1_162' title='bbox 187 2321 453 2396; x_wconf 81' lang='lat' dir='ltr'>evangelizacionis</span> <span class='ocrx_word' id='word_1_163' title='bbox 482 2320 693 2379; x_wconf 91' lang='lat' dir='ltr'>rectitudinem</span> <span class='ocrx_word' id='word_1_164' title='bbox 712 2322 928 2378; x_wconf 86' lang='lat' dir='ltr'>excludentem.</span> <span class='ocrx_word' id='word_1_165' title='bbox 953 2320 984 2378; x_wconf 87' lang='lat' dir='ltr'>Si</span> <span class='ocrx_word' id='word_1_166' title='bbox 1009 2340 1080 2396; x_wconf 81' lang='lat' dir='ltr'>ergo</span> <span class='ocrx_word' id='word_1_167' title='bbox 1098 2324 1177 2379; x_wconf 83' lang='lat' dir='ltr'>Dens</span> 
     </span>
     <span class='ocr_line' id='line_1_22' title="bbox 187 2407 1177 2483; baseline 0 -18"><span class='ocrx_word' id='word_1_168' title='bbox 187 2409 281 2466; x_wconf 92' lang='lat' dir='ltr'>nescit</span> <span class='ocrx_word' id='word_1_169' title='bbox 314 2409 381 2466; x_wconf 94' lang='lat' dir='ltr'>illos</span> <span class='ocrx_word' id='word_1_170' title='bbox 414 2427 478 2466; x_wconf 88' lang='lat' dir='ltr'>esse</span> <span class='ocrx_word' id='word_1_171' title='bbox 511 2411 548 2466; x_wconf 91' lang='lat' dir='ltr'>de</span> <span class='ocrx_word' id='word_1_172' title='bbox 573 2408 708 2480; x_wconf 87' lang='lat' dir='ltr'>ecclesia,</span> <span class='ocrx_word' id='word_1_173' title='bbox 733 2422 847 2483; x_wconf 89' lang='lat' dir='ltr'>quanto</span> <span class='ocrx_word' id='word_1_174' title='bbox 872 2407 967 2482; x_wconf 80' lang='lat' dir='ltr'>magis</span> <span class='ocrx_word' id='word_1_175' title='bbox 997 2422 1177 2483; x_wconf 89' lang='lat' dir='ltr'>pompantes</span> 
     </span>
     <span class='ocr_line' id='line_1_23' title="bbox 189 2496 670 2571; baseline 0 -19"><span class='ocrx_word' id='word_1_176' title='bbox 189 2498 349 2554; x_wconf 88' lang='lat' dir='ltr'>modernos</span> <span class='ocrx_word' id='word_1_177' title='bbox 372 2496 475 2554; x_wconf 87' lang='lat' dir='ltr'>falsius</span> <span class='ocrx_word' id='word_1_178' title='bbox 498 2509 670 2571; x_wconf 87' lang='lat' dir='ltr'>operantes.</span> 
     </span>
     <span class='ocr_line' id='line_1_24' title="bbox 234 2582 1177 2658; baseline -0.002 -18"><span class='ocrx_word' id='word_1_179' title='bbox 234 2587 349 2654; x_wconf 90' lang='lat' dir='ltr'>Quarto</span> <span class='ocrx_word' id='word_1_180' title='bbox 374 2597 460 2641; x_wconf 91' lang='lat' dir='ltr'>notat</span> <span class='ocrx_word' id='word_1_181' title='bbox 483 2583 507 2639; x_wconf 91' lang='lat' dir='ltr'>is</span> <span class='ocrx_word' id='word_1_182' title='bbox 531 2596 653 2640; x_wconf 89' lang='lat' dir='ltr'>sanctus</span> <span class='ocrx_word' id='word_1_183' title='bbox 670 2585 750 2658; x_wconf 93' lang='lat' dir='ltr'>qnod</span> <span class='ocrx_word' id='word_1_184' title='bbox 768 2583 805 2639; x_wconf 89' lang='lat' dir='ltr'>ad</span> <span class='ocrx_word' id='word_1_185' title='bbox 823 2582 1053 2638; x_wconf 87' lang='lat' dir='ltr'>discernendum</span> <span class='ocrx_word' id='word_1_186' title='bbox 1072 2583 1177 2656; x_wconf 92' lang='lat' dir='ltr'>damp-</span> 
     </span>
     <span class='ocr_line' id='line_1_25' title="bbox 188 2669 1175 2728; baseline -0.003 -1"><span class='ocrx_word' id='word_1_187' title='bbox 188 2673 304 2727; x_wconf 90' lang='lat' dir='ltr'>nandos</span> <span class='ocrx_word' id='word_1_188' title='bbox 337 2670 367 2726; x_wconf 91' lang='lat' dir='ltr'>in</span> <span class='ocrx_word' id='word_1_189' title='bbox 403 2671 451 2728; x_wconf 91' lang='lat' dir='ltr'>die</span> <span class='ocrx_word' id='word_1_190' title='bbox 485 2669 588 2727; x_wconf 91' lang='lat' dir='ltr'>iudicii</span> <span class='ocrx_word' id='word_1_191' title='bbox 622 2670 718 2727; x_wconf 88' lang='lat' dir='ltr'>fidelis</span> <span class='ocrx_word' id='word_1_192' title='bbox 750 2671 838 2726; x_wconf 92' lang='lat' dir='ltr'>debet</span> <span class='ocrx_word' id='word_1_193' title='bbox 871 2682 976 2725; x_wconf 88' lang='lat' dir='ltr'>notare</span> <span class='ocrx_word' id='word_1_194' title='bbox 1004 2681 1066 2725; x_wconf 91' lang='lat' dir='ltr'>tam</span> <span class='ocrx_word' id='word_1_195' title='bbox 1091 2687 1175 2726; x_wconf 91' lang='lat' dir='ltr'>suam</span> 
     </span>
     <span class='ocr_line' id='line_1_26' title="bbox 146 2755 1176 2833; baseline 0 -22"><span class='ocrx_word' id='word_1_196' title='bbox 146 2763 177 2813; x_wconf 80' lang='lat'>25</span> <span class='ocrx_word' id='word_1_197' title='bbox 190 2757 454 2815; x_wconf 84' lang='lat' dir='ltr'>conversacionem</span> <span class='ocrx_word' id='word_1_198' title='bbox 476 2777 568 2833; x_wconf 91' lang='lat' dir='ltr'>quam</span> <span class='ocrx_word' id='word_1_199' title='bbox 586 2777 672 2814; x_wconf 89' lang='lat' dir='ltr'>snam</span> <span class='ocrx_word' id='word_1_200' title='bbox 695 2755 926 2814; x_wconf 83' lang='lat' dir='ltr'>confessionem.</span> <span class='ocrx_word' id='word_1_201' title='bbox 951 2757 1080 2830; x_wconf 89' lang='lat' dir='ltr'>Oportet</span> <span class='ocrx_word' id='word_1_202' title='bbox 1096 2755 1176 2812; x_wconf 90' lang='lat' dir='ltr'>enim</span> 
     </span>
     <span class='ocr_line' id='line_1_27' title="bbox 190 2842 1176 2919; baseline -0.003 -17"><span class='ocrx_word' id='word_1_203' title='bbox 190 2846 270 2919; x_wconf 94' lang='lat' dir='ltr'>quod</span> <span class='ocrx_word' id='word_1_204' title='bbox 311 2859 525 2902; x_wconf 90' lang='lat' dir='ltr'>conversentur</span> <span class='ocrx_word' id='word_1_205' title='bbox 553 2845 739 2902; x_wconf 82' lang='lat' dir='ltr'>excludendo</span> <span class='ocrx_word' id='word_1_206' title='bbox 768 2842 931 2918; x_wconf 85' lang='lat' dir='ltr'>ypocrisim</span> <span class='ocrx_word' id='word_1_207' title='bbox 965 2856 1055 2917; x_wconf 90' lang='lat' dir='ltr'>atque</span> <span class='ocrx_word' id='word_1_208' title='bbox 1094 2861 1176 2899; x_wconf 92' lang='lat' dir='ltr'>men-</span> 
     </span>
     <span class='ocr_line' id='line_1_28' title="bbox 190 2929 1176 3007; baseline -0.002 -19"><span class='ocrx_word' id='word_1_209' title='bbox 190 2932 322 3003; x_wconf 86' lang='lat' dir='ltr'>dacium,</span> <span class='ocrx_word' id='word_1_210' title='bbox 355 2932 428 3007; x_wconf 89' lang='lat' dir='ltr'>qnia</span> <span class='ocrx_word' id='word_1_211' title='bbox 452 2932 591 2990; x_wconf 91' lang='lat' dir='ltr'>Christus</span> <span class='ocrx_word' id='word_1_212' title='bbox 614 2931 664 3007; x_wconf 94' lang='lat' dir='ltr'>qui</span> <span class='ocrx_word' id='word_1_213' title='bbox 690 2945 733 2988; x_wconf 92' lang='lat' dir='ltr'>est</span> <span class='ocrx_word' id='word_1_214' title='bbox 757 2931 866 2987; x_wconf 89' lang='lat' dir='ltr'>veritas</span> <span class='ocrx_word' id='word_1_215' title='bbox 891 2929 985 2986; x_wconf 92' lang='lat' dir='ltr'>nescit</span> <span class='ocrx_word' id='word_1_216' title='bbox 1013 2929 1089 2986; x_wconf 89' lang='lat' dir='ltr'>tales</span> <span class='ocrx_word' id='word_1_217' title='bbox 1112 2948 1176 2987; x_wconf 91' lang='lat' dir='ltr'>esse</span> 
     </span>
     <span class='ocr_line' id='line_1_29' title="bbox 190 3016 1176 3093; baseline -0.002 -18"><span class='ocrx_word' id='word_1_218' title='bbox 190 3038 291 3076; x_wconf 88' lang='lat' dir='ltr'>servos</span> <span class='ocrx_word' id='word_1_219' title='bbox 315 3038 385 3076; x_wconf 91' lang='lat' dir='ltr'>suos</span> <span class='ocrx_word' id='word_1_220' title='bbox 410 3019 512 3076; x_wconf 86' lang='lat' dir='ltr'>fideles</span> <span class='ocrx_word' id='word_1_221' title='bbox 535 3022 587 3076; x_wconf 90' lang='lat' dir='ltr'>sed</span> <span class='ocrx_word' id='word_1_222' title='bbox 612 3018 716 3093; x_wconf 91' lang='lat' dir='ltr'>pocius</span> <span class='ocrx_word' id='word_1_223' title='bbox 739 3017 795 3075; x_wconf 90' lang='lat' dir='ltr'>scit</span> <span class='ocrx_word' id='word_1_224' title='bbox 819 3017 1015 3092; x_wconf 85' lang='lat' dir='ltr'>contrarium,</span> <span class='ocrx_word' id='word_1_225' title='bbox 1048 3036 1116 3073; x_wconf 93' lang='lat' dir='ltr'>cum</span> <span class='ocrx_word' id='word_1_226' title='bbox 1146 3016 1176 3073; x_wconf 92' lang='lat' dir='ltr'>in</span> 
     </span>
     <span class='ocr_line' id='line_1_30' title="bbox 190 3104 1177 3181; baseline -0.002 -19"><span class='ocrx_word' id='word_1_227' title='bbox 190 3105 320 3180; x_wconf 77' lang='lat' dir='ltr'>ypocrisi</span> <span class='ocrx_word' id='word_1_228' title='bbox 345 3120 548 3181; x_wconf 89' lang='lat' dir='ltr'>perseverant.</span> <span class='ocrx_word' id='word_1_229' title='bbox 581 3109 650 3163; x_wconf 92' lang='lat' dir='ltr'>ldeo</span> <span class='ocrx_word' id='word_1_230' title='bbox 667 3106 820 3180; x_wconf 83' lang='lat' dir='ltr'>signanter</span> <span class='ocrx_word' id='word_1_231' title='bbox 843 3104 891 3161; x_wconf 91' lang='lat' dir='ltr'>isti</span> <span class='ocrx_word' id='word_1_232' title='bbox 913 3104 1048 3179; x_wconf 86' lang='lat' dir='ltr'>ypocrite</span> <span class='ocrx_word' id='word_1_233' title='bbox 1072 3106 1177 3179; x_wconf 78' lang='lat' dir='ltr'>legun-</span> 
     </span>
     <span class='ocr_line' id='line_1_31' title="bbox 148 3191 1177 3269; baseline 0 -21"><span class='ocrx_word' id='word_1_234' title='bbox 148 3199 239 3249; x_wconf 80' lang='lat' dir='ltr'>3otur</span> <span class='ocrx_word' id='word_1_235' title='bbox 262 3212 409 3269; x_wconf 89' lang='lat' dir='ltr'>pompare</span> <span class='ocrx_word' id='word_1_236' title='bbox 432 3193 501 3250; x_wconf 90' lang='lat' dir='ltr'>licet</span> <span class='ocrx_word' id='word_1_237' title='bbox 526 3195 599 3251; x_wconf 83' lang='lat' dir='ltr'>false</span> <span class='ocrx_word' id='word_1_238' title='bbox 616 3197 652 3251; x_wconf 91' lang='lat' dir='ltr'>de</span> <span class='ocrx_word' id='word_1_239' title='bbox 670 3192 839 3250; x_wconf 88' lang='lat' dir='ltr'>eminencia</span> <span class='ocrx_word' id='word_1_240' title='bbox 864 3191 908 3248; x_wconf 90' lang='lat' dir='ltr'>sui</span> <span class='ocrx_word' id='word_1_241' title='bbox 932 3206 1042 3265; x_wconf 72' lang='lat' dir='ltr'>status3</span> <span class='ocrx_word' id='word_1_242' title='bbox 1060 3207 1088 3248; x_wconf 90' lang='lat' dir='ltr'>et</span> <span class='ocrx_word' id='word_1_243' title='bbox 1105 3205 1177 3248; x_wconf 91' lang='lat' dir='ltr'>tunc</span> 
     </span>
     <span class='ocr_line' id='line_1_32' title="bbox 191 3278 1177 3356; baseline 0 -20"><span class='ocrx_word' id='word_1_244' title='bbox 191 3280 323 3337; x_wconf 88' lang='lat' dir='ltr'>creditur</span> <span class='ocrx_word' id='word_1_245' title='bbox 347 3282 428 3356; x_wconf 93' lang='lat' dir='ltr'>qnod</span> <span class='ocrx_word' id='word_1_246' title='bbox 455 3285 607 3338; x_wconf 84' lang='lat' dir='ltr'>Romanus</span> <span class='ocrx_word' id='word_1_247' title='bbox 635 3280 768 3355; x_wconf 82' lang='lat' dir='ltr'>pontifex</span> <span class='ocrx_word' id='word_1_248' title='bbox 801 3299 869 3336; x_wconf 89' lang='lat' dir='ltr'>cum</span> <span class='ocrx_word' id='word_1_249' title='bbox 899 3278 1104 3336; x_wconf 90' lang='lat' dir='ltr'>cardinalibus</span> <span class='ocrx_word' id='word_1_250' title='bbox 1127 3281 1177 3336; x_wconf 91' lang='lat' dir='ltr'>de-</span> 
     </span>
     <span class='ocr_line' id='line_1_33' title="bbox 192 3364 1177 3443; baseline 0 -21"><span class='ocrx_word' id='word_1_251' title='bbox 192 3366 298 3424; x_wconf 93' lang='lat' dir='ltr'>litebit.</span> <span class='ocrx_word' id='word_1_252' title='bbox 324 3372 385 3426; x_wconf 91' lang='lat' dir='ltr'>Nec</span> <span class='ocrx_word' id='word_1_253' title='bbox 408 3368 495 3426; x_wconf 87' lang='lat' dir='ltr'>video</span> <span class='ocrx_word' id='word_1_254' title='bbox 519 3370 601 3443; x_wconf 92' lang='lat' dir='ltr'>quod</span> <span class='ocrx_word' id='word_1_255' title='bbox 626 3382 686 3424; x_wconf 89' lang='lat' dir='ltr'>tres</span> <span class='ocrx_word' id='word_1_256' title='bbox 709 3381 789 3424; x_wconf 90' lang='lat' dir='ltr'>secte</span> <span class='ocrx_word' id='word_1_257' title='bbox 812 3367 870 3424; x_wconf 91' lang='lat' dir='ltr'>alie</span> <span class='ocrx_word' id='word_1_258' title='bbox 894 3380 922 3423; x_wconf 90' lang='lat' dir='ltr'>et</span> <span class='ocrx_word' id='word_1_259' title='bbox 939 3367 1046 3424; x_wconf 90' lang='lat' dir='ltr'>fratres</span> <span class='ocrx_word' id='word_1_260' title='bbox 1062 3364 1177 3441; x_wconf 89' lang='lat' dir='ltr'>specia-</span> 
     </span>
     <span class='ocr_line' id='line_1_34' title="bbox 191 3453 1177 3529; baseline 0 -20"><span class='ocrx_word' id='word_1_261' title='bbox 191 3455 258 3511; x_wconf 90' lang='lat' dir='ltr'>liter</span> <span class='ocrx_word' id='word_1_262' title='bbox 283 3470 353 3512; x_wconf 92' lang='lat' dir='ltr'>tunc</span> <span class='ocrx_word' id='word_1_263' title='bbox 378 3475 411 3513; x_wconf 86' lang='lat' dir='ltr'>ex</span> <span class='ocrx_word' id='word_1_264' title='bbox 437 3475 491 3513; x_wconf 93' lang='lat' dir='ltr'>suo</span> <span class='ocrx_word' id='word_1_265' title='bbox 515 3469 595 3513; x_wconf 86' lang='lat' dir='ltr'>statu</span> <span class='ocrx_word' id='word_1_266' title='bbox 619 3456 664 3513; x_wconf 83' lang='lat' dir='ltr'>vel</span> <span class='ocrx_word' id='word_1_267' title='bbox 681 3473 772 3529; x_wconf 90' lang='lat' dir='ltr'>opere</span> <span class='ocrx_word' id='word_1_268' title='bbox 789 3456 1002 3511; x_wconf 90' lang='lat' dir='ltr'>laudabuntur.</span> <span class='ocrx_word' id='word_1_269' title='bbox 1028 3453 1058 3511; x_wconf 89' lang='lat' dir='ltr'>Si</span> <span class='ocrx_word' id='word_1_270' title='bbox 1075 3467 1177 3510; x_wconf 89' lang='lat' dir='ltr'>autem</span> 
     </span>
     <span class='ocr_line' id='line_1_35' title="bbox 191 3540 1177 3616; baseline -0.001 -18"><span class='ocrx_word' id='word_1_271' title='bbox 191 3556 302 3599; x_wconf 90' lang='lat' dir='ltr'>statum</span> <span class='ocrx_word' id='word_1_272' title='bbox 328 3542 413 3600; x_wconf 92' lang='lat' dir='ltr'>illum</span> <span class='ocrx_word' id='word_1_273' title='bbox 438 3563 471 3600; x_wconf 81' lang='lat' dir='ltr'>ex</span> <span class='ocrx_word' id='word_1_274' title='bbox 500 3542 690 3600; x_wconf 87' lang='lat' dir='ltr'>consciencia</span> <span class='ocrx_word' id='word_1_275' title='bbox 714 3555 795 3598; x_wconf 89' lang='lat' dir='ltr'>recta</span> <span class='ocrx_word' id='word_1_276' title='bbox 820 3540 995 3616; x_wconf 87' lang='lat' dir='ltr'>reliquerint</span> <span class='ocrx_word' id='word_1_277' title='bbox 1019 3554 1047 3598; x_wconf 87' lang='lat' dir='ltr'>et</span> <span class='ocrx_word' id='word_1_278' title='bbox 1066 3554 1177 3597; x_wconf 89' lang='lat' dir='ltr'>statum</span> 
     </span>
     <span class='ocr_line' id='line_1_36' title="bbox 149 3628 1177 3704; baseline -0.005 -15"><span class='ocrx_word' id='word_1_279' title='bbox 149 3636 280 3704; x_wconf 70' lang='lat' dir='ltr'>3iquem</span> <span class='ocrx_word' id='word_1_280' title='bbox 306 3631 443 3688; x_wconf 88' lang='lat' dir='ltr'>Christus</span> <span class='ocrx_word' id='word_1_281' title='bbox 467 3631 596 3688; x_wconf 90' lang='lat' dir='ltr'>institnit</span> <span class='ocrx_word' id='word_1_282' title='bbox 625 3644 657 3686; x_wconf 94' lang='lat' dir='ltr'>ut</span> <span class='ocrx_word' id='word_1_283' title='bbox 681 3629 742 3686; x_wconf 84' lang='lat' dir='ltr'>veri</span> <span class='ocrx_word' id='word_1_284' title='bbox 769 3628 923 3686; x_wconf 89' lang='lat' dir='ltr'>christiani</span> <span class='ocrx_word' id='word_1_285' title='bbox 950 3628 1177 3703; x_wconf 86' lang='lat' dir='ltr'>assumpserint,</span> 
     </span>
    </p>
   </div>
   <div class='ocr_carea' id='block_1_3' title="bbox 192 3715 1179 3863">
    <p class='ocr_par' dir='ltr' id='par_1_3' title="bbox 192 3715 1179 3863">
     <span class='ocr_line' id='line_1_37' title="bbox 192 3715 1179 3791; baseline -0.001 -18"><span class='ocrx_word' id='word_1_286' title='bbox 192 3730 263 3774; x_wconf 89' lang='lat' dir='ltr'>tunc</span> <span class='ocrx_word' id='word_1_287' title='bbox 301 3733 425 3791; x_wconf 88' lang='lat' dir='ltr'>possunt</span> <span class='ocrx_word' id='word_1_288' title='bbox 464 3719 616 3775; x_wconf 87' lang='lat' dir='ltr'>confidere</span> <span class='ocrx_word' id='word_1_289' title='bbox 656 3720 693 3773; x_wconf 91' lang='lat' dir='ltr'>de</span> <span class='ocrx_word' id='word_1_290' title='bbox 726 3716 835 3773; x_wconf 88' lang='lat' dir='ltr'>Christi</span> <span class='ocrx_word' id='word_1_291' title='bbox 875 3717 1029 3772; x_wconf 83' lang='lat' dir='ltr'>fructuosa</span> <span class='ocrx_word' id='word_1_292' title='bbox 1067 3715 1179 3772; x_wconf 90' lang='lat' dir='ltr'>noticia</span> 
     </span>
     <span class='ocr_line' id='line_1_38' title="bbox 192 3803 326 3863; baseline 0.022 -4"><span class='ocrx_word' id='word_1_293' title='bbox 192 3803 244 3861; x_wconf 93' lang='lat' dir='ltr'>illo</span> <span class='ocrx_word' id='word_1_294' title='bbox 268 3805 326 3863; x_wconf 88' lang='lat' dir='ltr'>die.</span> 
     </span>
    </p>
   </div>
   <div class='ocr_carea' id='block_1_4' title="bbox 557 3921 814 3986">
    <p class='ocr_par' dir='ltr' id='par_1_4' title="bbox 557 3921 814 3986">
     <span class='ocr_line' id='line_1_39' title="bbox 557 3921 814 3986; baseline -0.004 0"><span class='ocrx_word' id='word_1_295' title='bbox 557 3923 662 3986; x_wconf 84' lang='lat' dir='ltr'>CAP.</span> <span class='ocrx_word' id='word_1_296' title='bbox 684 3921 814 3985; x_wconf 89' lang='lat' dir='ltr'>LVIII.</span> 
     </span>
    </p>
   </div>
   <div class='ocr_carea' id='block_1_5' title="bbox 148 4031 1181 4196">
    <p class='ocr_par' dir='ltr' id='par_1_5' title="bbox 148 4031 1181 4196">
     <span class='ocr_line' id='line_1_40' title="bbox 237 4031 1180 4109; baseline -0.003 -19"><span class='ocrx_word' id='word_1_297' title='bbox 237 4034 379 4108; x_wconf 91' lang='lat' dir='ltr'>Sequitur</span> <span class='ocrx_word' id='word_1_298' title='bbox 402 4033 432 4090; x_wconf 92' lang='lat' dir='ltr'>in</span> <span class='ocrx_word' id='word_1_299' title='bbox 462 4047 542 4090; x_wconf 85' lang='lat' dir='ltr'>textu</span> <span class='ocrx_word' id='word_1_300' title='bbox 571 4032 733 4107; x_wconf 80' lang='lat' dir='ltr'>evangelii:</span> <span class='ocrx_word' id='word_1_301' title='bbox 773 4032 875 4088; x_wconf 80' lang='lat' dir='ltr'>Onnris</span> <span class='ocrx_word' id='word_1_302' title='bbox 907 4049 982 4109; x_wconf 80' lang='lat' dir='ltr'>ergo</span> <span class='ocrx_word' id='word_1_303' title='bbox 1016 4031 1066 4106; x_wconf 84' lang='lat' dir='ltr'>qui</span> <span class='ocrx_word' id='word_1_304' title='bbox 1097 4031 1180 4087; x_wconf 84' lang='lat' dir='ltr'>audit</span> 
     </span>
     <span class='ocr_line' id='line_1_41' title="bbox 148 4119 1181 4196; baseline 0.001 -22"><span class='ocrx_word' id='word_1_305' title='bbox 148 4121 282 4189; x_wconf 71' lang='lat' dir='ltr'>qoverba</span> <span class='ocrx_word' id='word_1_306' title='bbox 311 4140 374 4177; x_wconf 78' lang='lat' dir='ltr'>rtrea</span> <span class='ocrx_word' id='word_1_307' title='bbox 407 4122 459 4177; x_wconf 83' lang='lat' dir='ltr'>hec</span> <span class='ocrx_word' id='word_1_308' title='bbox 494 4132 520 4176; x_wconf 86' lang='lat' dir='ltr'>et</span> <span class='ocrx_word' id='word_1_309' title='bbox 545 4121 625 4196; x_wconf 86' lang='lat' dir='ltr'>facit</span> <span class='ocrx_word' id='word_1_310' title='bbox 659 4139 691 4176; x_wconf 84' lang='lat' dir='ltr'>ea</span> <span class='ocrx_word' id='word_1_311' title='bbox 724 4120 935 4177; x_wconf 81' lang='lat' dir='ltr'>assimilabitur</span> <span class='ocrx_word' id='word_1_312' title='bbox 969 4119 1034 4175; x_wconf 75' lang='lat' dir='ltr'>uiro</span> <span class='ocrx_word' id='word_1_313' title='bbox 1057 4119 1181 4196; x_wconf 81' lang='lat' dir='ltr'>sapienti</span> 
     </span>
    </p>
   </div>
   <div class='ocr_carea' id='block_1_6' title="bbox 194 4285 1175 4392">
    <p class='ocr_par' dir='ltr' id='par_1_6' title="bbox 194 4285 1175 4392">
     <span class='ocr_line' id='line_1_42' title="bbox 246 4285 1175 4342; baseline -0.003 -11"><span class='ocrx_word' id='word_1_314' title='bbox 246 4301 277 4331; x_wconf 86' lang='lat' dir='ltr'>ro.</span> <span class='ocrx_word' id='word_1_315' title='bbox 292 4291 313 4332; x_wconf 83' lang='grc' dir='ltr'><strong>Α</strong></span> <span class='ocrx_word' id='word_1_316' title='bbox 328 4287 350 4330; x_wconf 90' lang='lat' dir='ltr'>in</span> <span class='ocrx_word' id='word_1_317' title='bbox 367 4299 454 4341; x_wconf 60' lang='lat' dir='ltr'>mare:</span> <span class='ocrx_word' id='word_1_318' title='bbox 469 4299 495 4342; x_wconf 81' lang='lat'>3.</span> <span class='ocrx_word' id='word_1_319' title='bbox 590 4300 616 4330; x_wconf 91' lang='lat' dir='ltr'>n.</span> <span class='ocrx_word' id='word_1_320' title='bbox 633 4287 721 4330; x_wconf 74' lang='lat' dir='ltr'>coda:</span> <span class='ocrx_word' id='word_1_321' title='bbox 738 4291 817 4342; x_wconf 69' lang='lat' dir='ltr'>gustu,</span> <span class='ocrx_word' id='word_1_322' title='bbox 923 4285 956 4330; x_wconf 77' lang='lat'>23.</span> <span class='ocrx_word' id='word_1_323' title='bbox 972 4288 992 4329; x_wconf 80' lang='grc' dir='ltr'><strong>Α</strong></span> <span class='ocrx_word' id='word_1_324' title='bbox 1010 4287 1032 4329; x_wconf 93' lang='lat' dir='ltr'>in</span> <span class='ocrx_word' id='word_1_325' title='bbox 1049 4298 1133 4339; x_wconf 57' lang='lat' dir='ltr'>marga</span> <span class='ocrx_word' id='word_1_326' title='bbox 1150 4296 1175 4337; x_wconf 70' lang='grc'>4,</span> 
     </span>
     <span class='ocr_line' id='line_1_43' title="bbox 194 4341 438 4392; baseline -0.008 -8"><span class='ocrx_word' id='word_1_327' title='bbox 194 4352 231 4392; x_wconf 77' lang='lat' dir='ltr'>ao.</span> <span class='ocrx_word' id='word_1_328' title='bbox 250 4343 285 4384; x_wconf 80' lang='lat' dir='ltr'>A:</span> <span class='ocrx_word' id='word_1_329' title='bbox 300 4351 350 4383; x_wconf 86' lang='lat' dir='ltr'>mea</span> <span class='ocrx_word' id='word_1_330' title='bbox 366 4341 438 4383; x_wconf 86' lang='lat' dir='ltr'>deest.</span> 
     </span>
    </p>
   </div>
   <div class='ocr_carea' id='block_1_7' title="bbox 249 4431 595 4499">
    <p class='ocr_par' dir='ltr' id='par_1_7' title="bbox 249 4431 595 4499">
     <span class='ocr_line' id='line_1_44' title="bbox 249 4431 595 4499; baseline -0.014 -14"><span class='ocrx_word' id='word_1_331' title='bbox 249 4435 290 4499; x_wconf 75' lang='lat'>39.</span> <span class='ocrx_word' id='word_1_332' title='bbox 309 4431 399 4482; x_wconf 90' lang='lat' dir='ltr'>Matth.</span> <span class='ocrx_word' id='word_1_333' title='bbox 420 4432 474 4493; x_wconf 92' lang='lat' dir='ltr'>Vll,</span> <span class='ocrx_word' id='word_1_334' title='bbox 495 4447 535 4495; x_wconf 81' lang='lat'>24,</span> <span class='ocrx_word' id='word_1_335' title='bbox 556 4432 595 4481; x_wconf 81' lang='lat'>25.</span> 
     </span>
    </p>
   </div>
   <div class='ocr_carea' id='block_1_8' title="bbox 1191 1455 1383 1719">
    <p class='ocr_par' dir='ltr' id='par_1_8' title="bbox 1191 1455 1383 1719">
     <span class='ocr_line' id='line_1_45' title="bbox 1191 1455 1383 1499; baseline -0.005 0"><span class='ocrx_word' id='word_1_336' title='bbox 1191 1456 1209 1499; x_wconf 88' lang='lat' dir='ltr'>n</span> <span class='ocrx_word' id='word_1_337' title='bbox 1225 1456 1271 1497; x_wconf 84' lang='lat' dir='ltr'>will</span> <span class='ocrx_word' id='word_1_338' title='bbox 1288 1456 1315 1498; x_wconf 84' lang='lat' dir='ltr'>be</span> <span class='ocrx_word' id='word_1_339' title='bbox 1330 1455 1383 1498; x_wconf 85' lang='lat' dir='ltr'>vain</span> 
     </span>
     <span class='ocr_line' id='line_1_46' title="bbox 1201 1508 1369 1561; baseline -0.006 -11"><span class='ocrx_word' id='word_1_340' title='bbox 1201 1516 1224 1550; x_wconf 86' lang='lat' dir='ltr'>to</span> <span class='ocrx_word' id='word_1_341' title='bbox 1240 1508 1306 1561; x_wconf 85' lang='lat' dir='ltr'>plead</span> <span class='ocrx_word' id='word_1_342' title='bbox 1322 1509 1369 1550; x_wconf 85' lang='lat' dir='ltr'>that</span> 
     </span>
     <span class='ocr_line' id='line_1_47' title="bbox 1197 1560 1376 1604; baseline 0 -2"><span class='ocrx_word' id='word_1_343' title='bbox 1197 1572 1264 1602; x_wconf 87' lang='lat' dir='ltr'>some</span> <span class='ocrx_word' id='word_1_344' title='bbox 1277 1561 1305 1604; x_wconf 86' lang='lat' dir='ltr'>ol</span> <span class='ocrx_word' id='word_1_345' title='bbox 1316 1560 1376 1602; x_wconf 83' lang='lat' dir='ltr'>their</span> 
     </span>
     <span class='ocr_line' id='line_1_48' title="bbox 1210 1614 1364 1656; baseline 0.006 -3"><span class='ocrx_word' id='word_1_346' title='bbox 1210 1614 1288 1656; x_wconf 76' lang='lat' dir='ltr'>nodis</span> <span class='ocrx_word' id='word_1_347' title='bbox 1304 1625 1364 1654; x_wconf 84' lang='lat' dir='ltr'>were</span> 
     </span>
     <span class='ocr_line' id='line_1_49' title="bbox 1193 1663 1376 1719; baseline 0 -13"><span class='ocrx_word' id='word_1_348' title='bbox 1193 1665 1254 1719; x_wconf 76' lang='lat' dir='ltr'>pood</span> <span class='ocrx_word' id='word_1_349' title='bbox 1275 1665 1297 1708; x_wconf 93' lang='lat' dir='ltr'>in</span> <span class='ocrx_word' id='word_1_350' title='bbox 1313 1663 1376 1707; x_wconf 81' lang='lat' dir='ltr'>lind.</span> 
     </span>
    </p>
   </div>
   <div class='ocr_carea' id='block_1_9' title="bbox 1195 2586 1384 2786">
    <p class='ocr_par' dir='ltr' id='par_1_9' title="bbox 1201 2586 1380 2642">
     <span class='ocr_line' id='line_1_50' title="bbox 1201 2586 1380 2642; baseline -0.022 -11"><span class='ocrx_word' id='word_1_351' title='bbox 1201 2588 1261 2642; x_wconf 73' lang='lat' dir='ltr'>lligh</span> <span class='ocrx_word' id='word_1_352' title='bbox 1278 2586 1380 2640; x_wconf 85' lang='lat' dir='ltr'>position</span> 
     </span>
    </p>

    <p class='ocr_par' dir='ltr' id='par_1_10' title="bbox 1195 2638 1384 2683">
     <span class='ocr_line' id='line_1_51' title="bbox 1195 2638 1384 2683; baseline -0.016 0"><span class='ocrx_word' id='word_1_353' title='bbox 1195 2639 1217 2683; x_wconf 91' lang='lat' dir='ltr'>in</span> <span class='ocrx_word' id='word_1_354' title='bbox 1233 2640 1273 2682; x_wconf 87' lang='lat' dir='ltr'>the</span> <span class='ocrx_word' id='word_1_355' title='bbox 1288 2638 1384 2682; x_wconf 84' lang='lat' dir='ltr'>Chnrch</span> 
     </span>
    </p>

    <p class='ocr_par' dir='ltr' id='par_1_11' title="bbox 1204 2691 1377 2786">
     <span class='ocr_line' id='line_1_52' title="bbox 1204 2691 1377 2735; baseline -0.006 -2"><span class='ocrx_word' id='word_1_356' title='bbox 1204 2693 1250 2735; x_wconf 83' lang='lat' dir='ltr'>will</span> <span class='ocrx_word' id='word_1_357' title='bbox 1267 2693 1294 2734; x_wconf 82' lang='lat' dir='ltr'>be</span> <span class='ocrx_word' id='word_1_358' title='bbox 1308 2691 1335 2734; x_wconf 87' lang='lat' dir='ltr'>ol</span> <span class='ocrx_word' id='word_1_359' title='bbox 1347 2702 1377 2733; x_wconf 93' lang='lat' dir='ltr'>no</span> 
     </span>
     <span class='ocr_line' id='line_1_53' title="bbox 1252 2744 1320 2786; baseline -0.015 0"><span class='ocrx_word' id='word_1_360' title='bbox 1252 2744 1320 2786; x_wconf 75' lang='lat' dir='ltr'>atad.</span> 
     </span>
    </p>
   </div>
   <div class='ocr_carea' id='block_1_10' title="bbox 0 0 1531 5124">
    <p class='ocr_par' dir='ltr' id='par_1_12' title="bbox 0 0 1531 5124">
     <span class='ocr_line' id='line_1_54' title="bbox 0 0 1531 5124; baseline 0 0"><span class='ocrx_word' id='word_1_361' title='bbox 0 0 1531 5124; x_wconf 95' lang='lat' dir='ltr'> </span> 
     </span>
    </p>
   </div>
  </div>
 </body>
</html>
