3082 5138
762 499 852 548 ovis
870 497 1123 548 fivssomsccn
1291 475 1381 558 [mv.
1398 487 1447 531 ιιι.

449 661 535 716 bomo
563 661 636 715 bana
664 660 785 733 operari
807 676 896 733 neque
927 659 1017 713 bonus
1059 659 1148 714 mata.
1184 657 1290 711 Maius
1318 673 1400 731 ergo
1420 654 1447 709 si

450 748 511 801 vuit
544 748 617 802 bona
650 747 778 821 operari,
812 747 903 802 bonus
931 746 1030 820 primo
1048 744 1118 820 fiat.
1157 745 1208 800 Sic
1229 755 1259 800 et
1287 742 1352 798 aiio
1380 742 1446 798 ioco

449 835 614 889 evidencius
630 834 698 888 dicit
721 833 783 908 ipse
799 833 958 888 Dominus:
980 833 1037 886 Aut
1053 832 1151 907 sacite
1172 832 1317 886 arborem
1334 830 1444 884 bonam

450 934 500 976 aut
523 921 660 976 arborem
685 921 802 975 maiam.
832 921 920 987 Quod
947 920 975 974 si
996 921 1070 974 duas
1093 931 1217 974 naturas
1240 919 1371 974 istorum
1400 918 1446 973 bis

450 1008 563 1063 duabus
594 1008 749 1062 arboribus
774 1007 940 1083 figuraret,
973 1025 1029 1061 non
1064 1008 1190 1061 diceret:
1217 1005 1334 1061 Facite.
1371 1005 1468 1073 Quis}

452 1096 527 1149 enim
553 1096 700 1149 hominum
723 1105 820 1170 potest
835 1096 944 1169 jacere
966 1096 1128 1148 naturam?
1149 1094 1267 1149 Deinde
1288 1093 1385 1148 eciam
1408 1093 1448 1148 ibi

450 1200 513 1237 cum
528 1182 660 1256 ipsarum
676 1182 802 1236 duarum
819 1182 960 1236 arborum
977 1181 1152 1236 mencionem
1158 1181 1295 1255 fecisset,
1307 1181 1446 1236 subiecit:

405 1331 411 1337 ι
457 1269 598 1343 ipocrite,
627 1270 771 1343 quomodo
791 1269 913 1344 potestis
947 1269 1020 1323 bona
1052 1268 1140 1343 ioqui,
1172 1286 1238 1324 curn
1261 1267 1329 1323 sitis
1361 1268 1441 1322 mali.

454 1356 601 1423 Quamdiu
625 1374 700 1434 ergo
722 1356 841 1431 quisque
855 1357 951 1411 maius
974 1367 1026 1425 est,
1050 1374 1106 1411 non
1117 1366 1218 1432 potest
1224 1356 1339 1430 jacere
1353 1356 1445 1411 bonos

440 1444 574 1517 fructus.
610 1443 644 1497 Si
665 1444 739 1498 enim
764 1444 854 1499 bonos
873 1444 997 1517 fructus
1017 1443 1139 1516 jecerit,
1171 1443 1230 1497 iam
1260 1443 1359 1498 maius
1387 1462 1483 1512 non,o

449 1531 513 1584 erit.
555 1530 604 1585 Sic
636 1531 787 1585 verissime
818 1530 877 1585 dici
903 1530 1030 1605 poterit:
1062 1530 1129 1585 Non
1159 1540 1259 1605 potest
1293 1530 1349 1586 nix
1381 1548 1443 1586 esse

450 1617 558 1684 calida,
581 1636 646 1672 cum
670 1618 745 1672 enim
769 1618 865 1672 caiida
888 1635 951 1672 esse
973 1618 1093 1692 ceperit,
1116 1635 1172 1672 non
1188 1617 1247 1672 iam
1264 1634 1330 1673 eam
1348 1618 1441 1673 nivem

448 1704 501 1759 sed
531 1722 636 1778 aquam
670 1723 814 1760 vocamus.
851 1704 950 1760 Potest
975 1721 1051 1781 ergo
1070 1703 1145 1780 fieri
1170 1715 1201 1759 ut
1229 1722 1285 1779 que
1307 1704 1364 1761 ιιιὶτ
1378 1705 1444 1779 suit

450 1810 505 1846 non
535 1792 582 1849 sit.
617 1792 682 1846 Non
710 1803 805 1847 autem
830 1802 927 1866 potest
946 1790 1022 1867 fieri
1046 1802 1077 1845 ιιι
1105 1791 1158 1846 nix
1184 1792 1283 1846 calida
1309 1792 1359 1848 sit.
1394 1792 1444 1849 Sic

447 1890 545 1952 potest
567 1878 650 1953 fieri,
683 1891 714 1933 ut
745 1880 794 1953 qui
824 1878 919 1934 maius
943 1877 1041 1952 suerit
1085 1897 1141 1932 non
1172 1879 1210 1934 sit
1243 1880 1353 1947 maius,
1385 1889 1480 1939 nonii

450 1975 546 2020 tamen
570 1966 645 2042 fieri
671 1977 768 2041 potest
800 1978 831 2021 ut
863 1966 959 2021 maius
982 1966 1052 2021 bene
1070 1965 1179 2040 saciat.
1212 1966 1291 2033 Quia
1322 1966 1444 2024 eciamsi

450 2052 609 2127 aliquando
639 2053 717 2109 utilis
744 2065 797 2124 est,
829 2072 885 2108 non
914 2053 969 2108 boc
996 2053 1057 2127 ipse
1072 2053 1163 2126 facit,
1196 2054 1252 2110 sed
1264 2053 1307 2130 fit
1330 2054 1369 2110 de
1390 2055 1441 2110 iilo

451 2139 549 2195 divina
574 2141 764 2215 providencia
784 2151 974 2215 procurante,
997 2140 1072 2196 sicut
1095 2142 1132 2196 de
1154 2140 1307 2197 Phariseis
1330 2141 1440 2198 dictum

451 2238 508 2282 est:
533 2227 597 2294 Que
618 2228 717 2284 dicunt
739 2228 846 2302 jacite,
874 2245 928 2302 que
950 2239 1046 2282 autem
1063 2228 1183 2301 jaciunt
1207 2228 1320 2302 jacere
1342 2229 1439 2285 nolite.

451 2313 518 2369 Hoc
546 2312 641 2389 ipsum
668 2315 747 2390 quod
773 2315 847 2370 bona
875 2315 1009 2370 dicebant
1035 2327 1140 2389 etque
1166 2315 1301 2372 dicebant
1328 2317 1441 2371 utiliter
1449 2340 1481 2375 to

451 2401 644 2456 audiebantur
669 2414 696 2457 et
719 2401 842 2476 fiebant,
875 2421 930 2458 non
957 2413 1022 2456 erat
1050 2402 1179 2457 iliorum.
1219 2404 1317 2479 Super
1339 2404 1437 2460 cathe-

451 2487 537 2542 dram
565 2489 650 2559 enim,
678 2489 777 2564 inquit,
811 2489 917 2567 Moysi
940 2489 1049 2544 sedent.
1089 2489 1148 2544 Per
1181 2489 1311 2545 divinam
1345 2491 1441 2569 igitur

451 2575 634 2631 clemenciam
651 2588 678 2632 et
690 2576 911 2651 providenciam
929 2576 1024 2653 Iegem
1042 2576 1100 2631 Dei
1113 2576 1303 2651 predicantes
1315 2590 1440 2655 possunt

451 2681 513 2718 esse
540 2663 722 2718 audientibus
746 2664 840 2733 utiles,
868 2682 932 2718 cum
955 2663 1011 2719 sibi
1033 2681 1088 2718 non
1111 2675 1214 2719 essent.
1262 2665 1310 2720 De
1333 2666 1440 2721 talibus

449 2749 509 2804 aiio
532 2750 595 2806 ioco
615 2768 672 2825 per
690 2751 866 2826 prophetam
891 2751 998 2805 dictum
1022 2762 1079 2807 est:
1112 2751 1285 2808 Seminastis
1308 2752 1438 2809 triticum
1449 2759 1477 2810 ιδ

451 2847 477 2890 et
493 2837 592 2911 spinas
612 2838 782 2908 messuistis,
804 2837 870 2912 quia
891 2838 965 2893 bona
977 2837 1144 2913 precipiunt
1159 2849 1187 2893 et
1209 2839 1291 2895 maia
1306 2840 1438 2914 jaciunt.

451 2923 517 2978 Non
548 2941 622 2999 ergo
660 2925 709 2999 qui
746 2942 795 2980 eos
827 2925 980 2981 audiebant
1012 2935 1038 2980 et
1064 2925 1218 2998 faciebant
1254 2945 1309 3002 que
1339 2928 1377 2983 ab
1399 2927 1440 2984 eis

450 3010 621 3065 dicebantur
658 3011 693 3066 de
723 3011 813 3087 spinis
841 3031 913 3068 uvas
935 3011 1080 3089 legebant,
1111 3013 1164 3068 sed
1191 3029 1249 3088 per
1275 3014 1377 3090 spinas
1404 3015 1440 3071 de

452 3097 507 3152 vite
529 3097 662 3175 legebant
687 3116 769 3169 uvas,
792 3109 938 3175 tamquam
964 3099 991 3155 si
1005 3118 1121 3154 manum
1145 3099 1251 3174 aliquis
1269 3119 1329 3178 per
1342 3120 1438 3179 sepem

451 3185 556 3255 mittat,
583 3196 634 3240 aut
657 3198 735 3242 certe
750 3186 786 3241 de
809 3186 874 3255 vite,
897 3205 953 3262 que
973 3187 1051 3261 sepis
1066 3187 1164 3260 suerit
1186 3187 1330 3261 involuta,
1353 3197 1479 3247 uvam3o

451 3272 541 3347 legat,
565 3291 620 3328 non
642 3273 793 3348 spinarum
817 3286 858 3330 est
875 3275 999 3348 fructus
1022 3274 1080 3342 itte,
1105 3275 1158 3330 sed
1181 3274 1255 3331 vitis.

235 3368 280 3410 we
295 3376 357 3410 musi
378 3369 440 3409 team
495 3359 665 3414 Rectissime
692 3379 761 3416 sane
793 3361 927 3435 queritur
958 3379 1029 3435 quos
1045 3361 1170 3435 sructus
1202 3381 1256 3418 nos
1289 3365 1440 3420 attendere

255 3421 422 3516 ζζῌᾞῗῐξξζζι
453 3445 584 3514 voluerit,
609 3447 709 3520 quibus
724 3466 901 3524 cognoscere
915 3449 1050 3504 arborem
1070 3449 1227 3524 possimus.
1255 3450 1346 3506 Mutii
1365 3451 1437 3507 enim

451 3533 573 3605 quedam
598 3534 625 3587 in
640 3535 792 3608 fructibus
815 3536 954 3611 deputant
978 3554 1031 3610 que
1054 3537 1093 3590 ad
1118 3536 1318 3593 vestimentum
1342 3539 1438 3594 ovium

448 3621 593 3692 pertinent
625 3634 652 3675 et
681 3623 734 3677 noc
766 3622 853 3678 modo
876 3642 893 3677 a
917 3623 994 3698 iupis
1023 3623 1217 3698 decipiuntur,
1255 3624 1344 3680 sicuti
1374 3632 1476 3682 sunt35

450 3706 554 3761 ieiunia
587 3709 633 3763 vei
655 3710 806 3765 oraciones
830 3711 875 3765 vel
897 3710 1066 3789 elemosyne
1098 3728 1153 3785 que
1175 3712 1274 3767 omnia
1298 3712 1356 3769 nisi
1366 3712 1440 3789 fieri

450 3793 539 3848 eciam
563 3796 599 3850 ab
616 3797 767 3874 ypocritis
787 3809 905 3871 possent
934 3816 989 3853 non
1014 3798 1123 3853 diceret
1145 3798 1296 3873 superius:
1334 3799 1439 3857 Cavete

449 3898 484 3935 ne
506 3882 647 3937 iusticiam
674 3895 799 3939 vestram
814 3885 941 3958 jaciatis
963 3903 1063 3940 coram
1093 3885 1266 3958 bominibus,
1298 3898 1329 3942 ut
1359 3888 1436 3944 vide·

449 3969 539 4023 amini
559 3970 594 4024 ab
617 3971 665 4026 eis.

501 4147 519 4177 ι,
536 4138 608 4179 Azet
621 4137 692 4179 deest.
759 4136 952 4193 §.Atsugaret
1020 4141 1195 4195 11.A:patuit.
1259 4139 1436 4238 13.A:ifiitnr.

450 4187 648 4284 ἒέῖὲῖιζῗέἕὶῥ.
702 4202 734 4284 3¹33
751 4190 975 4297 i‘di‘b‘ibss‘i'si
991 4245 1008 4286 n
1023 4191 1302 4299 ,intefigamus
1315 4199 1436 4291 ἔξιθ’

503 4352 525 4400 3.
545 4351 634 4400 Matth.
653 4352 706 4413 xtt,
733 4353 773 4404 33.
862 4352 886 4402 8.
905 4355 939 4403 ib.
960 4356 1000 4418 34.
1103 4371 1140 4421 ¹9·
1168 4355 1260 4405 Manh.
1288 4357 1378 4419 xxm,
1413 4359 1435 4409 3.

451 4433 490 4468 21.
519 4421 544 4470 ib
572 4436 595 4469 a.
667 4422 705 4471 25.
724 4424 819 4472 Jcrcm.
847 4424 900 4484 ΧΗ,
933 4427 969 4477 13.
1043 4427 1084 4491 bo.
1104 4424 1258 4487 Matth.V1,
1282 4443 1304 4476 ι.
