3082 5138
215 453 286 496 cae.
296 437 354 520 nl}
577 455 740 505 smum
758 456 854 505 rins
1358 446 1415 501 :31

216 617 347 690 pulsare.
369 633 476 688 ymmo
496 615 633 689 quelibet
655 616 742 673 hora.
764 633 835 671 eum
860 616 942 670 Deus
962 613 1003 670 sit
1026 616 1204 672 uniremlis
1247 628 1391 669 meu-1

215 703 358 759 dominus
375 702 533 775 temporis.
557 716 601 757 est
617 702 704 757 sulae
726 702 880 758 sufficiens
902 703 942 756 ad
959 703 1057 758 teum
1077 681 1418 774 laudan-fffsssss

216 792 289 845 dum
316 791 410 845 oorde
440 788 582 862 simplici.
614 802 644 844 et
676 788 849 861 specialiter
883 790 958 844 hora
992 788 1052 845 diei
1085 788 1116 845 in
1143 807 1205 863 qua

216 879 325 932 devoto
347 876 502 932 auditorio
524 875 637 948 poterit
659 876 728 948 plus
743 877 888 948 pordesse
904 875 985 930 iuxta
1001 874 1075 930 illud
1094 875 1205 932 Psalmi

191 965 289 1021 sus.
312 981 362 1034 ¹7³
393 963 526 1037 l'espere,
549 980 634 1017 mane
654 974 683 1017 et
706 963 828 1018 meridie
848 962 1044 1020 annuntiabo:
1065 976 1095 1018 et
1117 962 1205 1018 alibi:

216 1050 390 1106 Bmedieam
415 1050 573 1104 Drmiam
600 1050 630 1103 in
652 1051 733 1104 (imni
754 1061 900 1124 tempore:
920 1067 1037 1123 semper
1058 1050 1124 1105 laus
1145 1051 1206 1105 eius

215 1138 244 1190 in
260 1155 312 1192 ore
326 1155 400 1193 meo.
425 1135 553 1210 Expedit
568 1153 640 1208 ergo
656 1138 739 1210 quod
756 1135 883 1209 Spiritui
899 1138 1012 1192 Sancto
1027 1135 1133 1192 oracio
1148 1154 1206 1209 pto

216 1242 399 1298 quocunque
424 1223 583 1280 meritorio
604 1241 698 1296 opere
721 1222 833 1280 dicitur
854 1237 884 1279 et
907 1221 1053 1279 oracione
1075 1222 1205 1280 ducein

218 1311 318 1367 medio
350 1310 450 1366 noctis
481 1327 605 1384 surgere
636 1311 675 1365 ad
704 1311 895 1382 psallendum
923 1324 953 1366 et
982 1312 1102 1384 expedit
1129 1310 1205 1366 alias

178 1422 208 1452 tt)
217 1397 313 1471 ipsam
331 1411 404 1453 tunc
420 1397 568 1471 temporis
584 1397 722 1453 reticere.
748 1398 817 1453 ldeo
833 1397 906 1471 quia
922 1396 980 1452 ista
996 1398 1075 1453 trahi
1093 1399 1205 1454 debent

218 1485 249 1540 in
283 1484 548 1558 consequentiam.
582 1483 702 1539 ridetur
733 1498 841 1540 nature
873 1498 901 1539 et
936 1485 1051 1540 Sancto
1078 1484 1205 1558 Spiritui

218 1589 397 1645 repugnare.
421 1585 451 1627 et
474 1571 554 1627 idem
580 1570 712 1644 reperies
734 1570 767 1626 iu
789 1570 857 1626 aliis
874 1570 1086 1644 religiosorum
1101 1575 1205 1628 oltser·

218 1659 330 1714 sauciis
353 1658 532 1732 regulariter
553 1656 722 1714 custoditis.

260 1745 447 1818 Augustinus
469 1759 571 1800 autern
596 1746 652 1800 sub
675 1743 733 1799 hiis
756 1744 854 1800 verbis
871 1743 1067 1818 prosequitur
1082 1762 1204 1800 sensum
1247 1759 1269 1800 ,t
1319 1759 1388 1801 stine.

181 1840 329 1888 iitextus:
358 1833 399 1888 Te
418 1845 514 1887 autem
530 1832 664 1906 jaciente
685 1831 871 1887 elemosinam
896 1832 1004 1887 nesciat
1019 1832 1138 1887 sinistra
1154 1843 1204 1886 tua
1221 1807 1279 1904 J&
1293 1814 1333 1905 nil}
1348 1811 1416 1906 ffi

130 1926 191 1978 381·
218 1920 286 1994 quid
306 1919 422 1996 {saciat
437 1920 561 1974 dextera
578 1931 637 1972 tua.
662 1919 703 1977 Si.
724 1918 833 1992 inquit.
856 1919 1038 1975 {nielles-eris
1051 1919 1201 1974 sinistram
1220 1915 1352 2010 weliga
1369 1968 1418 2011 ,Μ

219 2007 347 2082 infideles
380 2007 447 2073 dici,
479 2006 625 2060 ridebitur
655 2005 735 2060 nulla
767 2024 831 2061 esse
857 2007 942 2081 culpa
971 2006 1093 2081 placere
1130 2005 1204 2061 telle
1237 2028 1290 2063 our
1303 1979 1404 2076 enetiu'.

210 2093 360 2169 fidelihus,
388 2112 452 2148 cum
473 2111 601 2168 prorsus
623 2092 826 2149 nichilominus
844 2093 874 2147 in
894 2093 1089 2166 quorumlihet
1111 2093 1203 2147 homi·

220 2200 286 2234 num
324 2181 412 2235 laude
441 2181 578 2255 fructum
617 2192 644 2235 et
667 2179 761 2256 finem
794 2181 862 2234 honi
893 2180 992 2255 operis
1029 2179 1206 2235 constituere

178 2268 436 2342 eoprohiheamur.
465 2267 553 2335 Quod
573 2278 670 2322 aulem
694 2267 735 2320 ad
756 2267 788 2320 id
806 2267 933 2342 pertinet
956 2278 987 2321 ut
1002 2279 1030 2322 te
1045 2267 1205 2331 imitentur,

220 2356 319 2428 quihus
351 2365 432 2409 reeta
457 2354 544 2428 sacta
576 2365 626 2408 tua
652 2352 818 2428 placuerint
846 2372 902 2409 non
930 2364 1042 2409 tantum
1063 2353 1205 2431 ‚fidelihus

220 2443 272 2497 sed
299 2441 390 2497 eciam
414 2441 577 2518 infidelibus
599 2441 793 2496 exhibendum
817 2452 869 2507 est,
893 2452 922 2496 ut
945 2441 1100 2496 laudantes
1123 2441 1206 2496 honis

219 2529 353 2603 operibus
380 2528 487 2584 nostris
515 2528 610 2585 Deum
639 2527 781 2582 honorent
808 2538 836 2584 et
864 2527 977 2584 ueniant
1004 2528 1044 2583 ad
1070 2528 1202 2583 salutem.

220 2617 253 2670 Si
273 2627 368 2670 autem
392 2615 541 2671 sinistram
565 2614 710 2670 inimicum
732 2616 895 2688 putareris,
918 2627 948 2669 ut
968 2616 1078 2669 seilicet
1095 2615 1204 2669 neseiat

179 2703 351 2759 25inimicus
373 2713 449 2773 tuus,
473 2720 537 2757 eum
565 2701 751 2757 elemosinam
773 2700 866 2775 jacis.
898 2719 952 2756 cur
978 2702 1040 2776 ipse
1071 2701 1204 2757 dominus

220 2790 340 2845 inimicis
371 2790 432 2844 suis
461 2789 562 2844 Judeis
593 2789 847 2844 circumstantibus
874 2799 901 2844 et
926 2799 1063 2864 potenter
1089 2789 1203 2845 miseri·

219 2877 350 2932 corditer
376 2876 497 2932 saciavit
525 2875 677 2931 homines?
708 2893 761 2930 eur
788 2876 938 2950 apostolus
967 2875 1073 2932 Petrus
1100 2887 1204 2932 sanato

219 2982 252 3020 eo
289 2982 371 3038 quem
404 2964 444 3019 ad
475 2974 593 3038 portam
626 2962 785 3037 speciosam
819 2963 941 3019 debilem
975 2963 1130 3019 irriseratus
1162 2974 1205 3019 est

219 3051 307 3106 eciam
331 3051 394 3106 iras
416 3051 599 3106 inimicorum
624 3051 652 3105 in
675 3061 755 3106 sect
779 3050 807 3104 in
827 3045 901 3107 alios
921 3050 1033 3106 Christi
1047 3049 1205 3125 discipulos

179 3149 210 3196 'so
217 3139 353 3213 pertulit:
391 3138 505 3194 Deinde
542 3138 569 3192 si
600 3155 655 3193 non
690 3147 804 3211 oportet
836 3138 913 3193 seire
944 3137 1101 3204 inimicum,
1139 3154 1204 3192 eum

219 3225 402 3282 elemosinam
413 3225 575 3299 jaciamus,
597 3225 741 3298 quomodo
757 3242 821 3279 cum
843 3225 906 3299 ipso
926 3224 1042 3280 inimico
1056 3224 1205 3299 faciemus

221 3312 346 3366 utillud
369 3311 542 3387 impleamus
554 3324 742 3387 preceptum:
765 3312 799 3367 Si
820 3312 955 3367 esurierit
979 3311 1111 3367 inimicus
1127 3322 1204 3381 tuus,

220 3399 396 3466 cilicinum,
419 3400 495 3454 etsi
516 3399 635 3469 sicierit,
656 3410 726 3473 pota
750 3398 857 3454 illum?

267 3487 367 3542 Tereia
404 3486 477 3542 solet
514 3503 577 3542 esse
608 3486 770 3541 carnalium
806 3486 902 3562 opinio
929 3498 989 3541 tam
1018 3486 1148 3542 absurda
1177 3495 1205 3540 et
1246 3509 1289 3540 nor
1303 3497 1360 3541 does
1375 3499 1392 3541 lt

179 3575 354 3644 35ridenda,
378 3584 408 3628 ut
431 3591 486 3628 non
510 3592 573 3628 eam
598 3591 858 3628 commemorarem
883 3573 940 3629 nisi
953 3584 1095 3649 expertus
1110 3589 1202 3629 essem
1255 3551 1383 3647 ¹¹¹²„ssssme

220 3679 273 3716 non
294 3678 405 3736 paucos
427 3678 460 3715 eo
483 3677 588 3716 errore
603 3660 735 3729 detineri,
758 3660 808 3734 qui
830 3660 928 3716 dieunt
951 3660 1065 3716 nomine
1087 3659 1204 3715 sinistre

219 3765 341 3804 uxorem
373 3747 500 3825 signari,
536 3758 566 3802 ut
593 3748 727 3822 quoniam
756 3747 784 3802 in
813 3765 845 3803 re
864 3747 1018 3822 familiari
1043 3747 1204 3804 tenaciores

269 3985 288 4028 5.
303 3988 336 4029 A:
352 3983 418 4047 LVlI.
442 4037 446 4045 ἢ
505 3996 526 4037 7.
541 3983 716 4078 Codd.:·puod
729 3984 800 4046 deest.
819 3983 916 4028 Addidi.
1003 3996 1034 4027 ιο.
1055 3982 1084 4026 ll:
1101 3985 1203 4046 primum

219 4044 271 4098 tunc
292 4043 419 4100 temporu;
441 4037 472 4080 ib.
495 4038 524 4080 ll:
548 4036 612 4098 quod
634 4049 679 4079 isa
700 4037 765 4079 trahi
786 4035 875 4097 dehmt.
911 4089 915 4096 Ι
956 4037 985 4080 15.
1009 4038 1043 4080 A:
1066 4048 1114 4079 non
1137 4042 1203 4098 serat.

218 4092 421 4187 taleme:
435 4143 470 4186 n:
485 4088 718 4197 {litterile
733 4089 805 4184 Mil:
819 4087 1012 4196 {litteral
1031 4091 1064 4132 *²
1085 4100 1136 4132 ‘¹¹⁸
1154 4101 1205 4144 '¹³⁸‘

269 4250 293 4300 6.
322 4251 362 4301 Ps.
386 4250 499 4311 xxxin,
526 4265 547 4300 ι.
633 4265 670 4313 14.
699 4250 738 4299 De
765 4265 887 4300 sermone
916 4250 1022 4300 Domini
1051 4252 1076 4298 in
1105 4261 1204 4311 monte,

219 4322 235 4370 l.
253 4338 276 4371 c.
294 4337 320 4386 p.
341 4335 398 4371 202.
465 4319 675 4382 15.Mattt1.vl,
695 4321 717 4372 3.
782 4334 823 4384 27.
842 4323 898 4369 Act.
918 4320 959 4382 lll,
979 4336 1002 4369 2.
1066 4322 1106 4372 32.
1126 4320 1204 4369 Prov.

217 4392 297 4454 XXV,
318 4406 362 4453 2¹3
381 4391 458 4441 Rom.
479 4391 532 4453 ΧΗ,
553 4405 593 4440 20.
