3082 5138
219 497 286 541 cau.
303 485 384 567 exit]
601 503 705 552 t‘RtttA
728 503 822 551 PARS.

216 673 281 717 erat
310 661 406 737 prius,
441 673 647 737 consequenter
678 673 704 718 et
737 663 835 717 odium
869 673 895 717 et
927 662 1020 717 omnis
1051 662 1203 718 inimicicia

217 749 417 826 beneficiorum
431 749 604 806 assiduitate
615 749 816 824 compescitur.
835 749 922 827 Ergo
933 748 1093 823 benefacite
1105 749 1203 805 odien-

216 836 300 905 tibus,
333 847 362 890 ut
390 854 429 892 ex
457 848 552 892 uestra
586 836 784 893 benevolencia
817 835 874 910 ipsi
903 854 934 892 se
966 835 1101 904 iudicent,
1136 835 1203 910 quia

217 923 321 978 iniuste
345 941 396 979 nos
419 924 528 979 odiunt.

193 1013 205 1062 5
264 1010 355 1065 Orate
379 1029 437 1084 pro
466 1009 727 1086 calumpniantibus
756 1027 814 1065 vos.
853 1008 979 1065 Orantes
998 1027 1057 1085 pro
1080 1008 1204 1065 inimicis
1213 1015 1314 1078 Praying
1328 1016 1368 1077 for¹
1378 1026 1423 1058 our

217 1114 272 1151 non
310 1107 420 1152 tantum
458 1097 525 1154 illos
556 1107 694 1172 quantum
728 1115 779 1153 nos
811 1097 1047 1152 commendamus
1079 1097 1143 1152 Deo
1176 1106 1203 1152 et
1219 1069 1415 1175 ‘gefflffijssffl

218 1184 314 1260 magis
346 1185 525 1240 exaudimur
548 1203 606 1260 pro
635 1184 757 1239 inimicis
785 1195 902 1239 orantes
924 1201 1010 1258 quam
1030 1201 1088 1258 pro
1113 1183 1201 1239 nobis.
1301 1186 1335 1216 ¹¹⁸·

222 1272 279 1338 Qui
306 1270 380 1327 euim
406 1290 464 1346 pro
491 1291 522 1328 se
550 1283 616 1327 orat
645 1289 700 1326 non
727 1271 831 1348 gracie
866 1288 938 1346 opus
966 1270 1121 1344 exequitur
1151 1271 1204 1327 sed

218 1368 328 1413 nature.
367 1358 441 1425 Quis
471 1359 545 1415 euim
576 1377 634 1434 pro
666 1377 697 1414 se
730 1376 784 1413 mm
813 1358 902 1413 orat?
939 1357 997 1426 Qui
1024 1369 1120 1414 autem
1145 1375 1203 1432 pro

179 1444 330 1500 roinimico
368 1464 420 1501 suo
457 1456 523 1502 orat
560 1446 648 1523 digne
684 1444 854 1516 exauditur,
894 1445 960 1519 quia
995 1445 1099 1523 gracie
1130 1463 1203 1521 opus

217 1532 378 1606 exequitur.

264 1620 300 1674 Ut
328 1619 392 1675 sitis
411 1620 474 1697 filii
498 1621 595 1696 patris
623 1619 721 1676 nestri.
759 1619 790 1674 ln
818 1637 874 1694 quo
906 1618 980 1674 enim
1012 1620 1070 1676 alio
1094 1625 1412 1698 cogno-Weareknown

217 1717 317 1761 scatur
340 1707 406 1781 quia
433 1708 489 1781 filii
515 1726 615 1764 sumus
638 1707 704 1777 Dei,
737 1706 792 1762 uisi
812 1705 965 1780 fuerimus
993 1706 1102 1762 similes
1127 1677 1419 1787 Deo-isyisiiisti‘lfediig

216 1794 286 1848 Filii
316 1794 390 1849 enim
426 1796 560 1850 carnales
584 1796 761 1868 frequenter
788 1793 915 1848 similant
940 1804 1043 1869 patres
1071 1794 1099 1849 in
1119 1793 1203 1869 facie
1221 1789 1303 1826 ‘⁰⁰¹¹‘
1318 1782 1410 1826 Fauni.

180 1885 265 1935 siaiu
289 1881 316 1935 in
341 1881 453 1955 loquela
477 1892 527 1936 aut
555 1883 582 1936 in
612 1882 672 1936 risu
700 1891 750 1936 aut
777 1880 805 1935 iu
833 1880 930 1955 aliquo
953 1881 1043 1936 eciam
1067 1881 1202 1957 corporis

216 1967 311 2042 signo,
327 1967 389 2044 filii
410 1980 505 2024 utitem
529 1969 697 2044 spirituales
723 1968 749 2023 iu
772 1967 940 2035 sanctitate,·
968 1979 996 2024 et
1019 1968 1064 2023 illi
1088 1969 1201 2043 quidem

216 2055 241 2108 si
267 2055 375 2110 similes
397 2057 524 2129 fuerint,
553 2056 667 2111 laudem
696 2055 805 2110 nullam
830 2066 987 2121 niterentur,
1020 2065 1047 2110 et
1070 2056 1095 2110 si
1118 2054 1200 2111 dissi-

217 2142 308 2211 miles,
338 2143 448 2198 uullam
474 2142 727 2218 uituperacionem,
760 2142 825 2216 quio
855 2160 909 2196 non
938 2153 979 2197 est
1007 2142 1034 2196 iu
1059 2153 1203 2217 potestate

216 2227 339 2283 bominis
369 2229 481 2302 qualem
505 2230 627 2305 accipiat
651 2229 785 2304 corporis
809 2229 985 2303 qualitatem.
1015 2229 1084 2284 Filii
1107 2240 1202 2286 autem

176 2335 206 2368 20
217 2315 273 2369 Dei
305 2316 446 2390 siquidem
477 2317 586 2373 similes
610 2317 737 2391 fuerint,
770 2316 912 2371 laudandi
942 2327 1017 2379 suut,
1050 2317 1075 2371 si
1106 2327 1201 2372 autem

216 2402 379 2469 dissimiles,
405 2404 489 2460 uirnis
513 2404 697 2479 vituperandi
720 2414 795 2474 sunt,
819 2402 888 2477 quia
902 2403 928 2457 in
944 2414 1089 2477 potestate
1106 2405 1201 2459 tertius-

216 2490 351 2563 cuiusque
374 2502 416 2546 est
440 2510 576 2547 riterrsura
594 2490 734 2564 faciende
758 2490 877 2545 iusticie.

128 2567 186 2631 370⁸
259 2577 291 2630 Si
324 2578 354 2631 di
373 2573 377 2654 Ι
399 2578 491 2655 ligitis
523 2598 570 2634 eos
602 2579 650 2652 qui
678 2595 729 2632 uos
757 2577 894 2654 diligunt,
922 2595 1007 2651 quam
1038 2578 1200 2634 mercedem

217 2664 379 2719 habebitis?
420 2666 478 2730 Qui
511 2666 621 2721 amicos
653 2664 752 2742 diligit
781 2675 908 2739 propter
939 2683 969 2720 se
1003 2664 1110 2742 diligit,
1144 2683 1199 2720 non

176 2755 205 2805 25
213 2762 337 2826 propter
362 2753 474 2815 Deum,-
496 2763 522 2808 et
547 2753 610 2807 ideo
634 2752 744 2806 mdlam
769 2751 855 2807 habet
871 2752 1043 2810 mercedem.
1067 2752 1201 2808 Delectat

216 2838 289 2892 errim
314 2857 377 2893 eum
403 2840 465 2913 ipsa
490 2840 625 2906 dileccio;
648 2839 697 2913 qui
719 2850 814 2895 autem
838 2839 984 2894 inimicum
1001 2858 1085 2895 suum
1103 2838 1200 2916 diligit

216 2943 269 2979 nou
291 2936 416 3000 propter
439 2945 469 2982 se
493 2927 599 3003 diligit,
624 2926 675 2980 sed
695 2937 821 3001 propter
836 2926 941 2981 Deum.
967 2926 1035 2981 Ideo
1059 2944 1199 3003 treuguam

215 3012 297 3067 babet
326 3014 499 3081 mercedem,
524 3014 589 3088 quia
614 3013 787 3068 contradicit
811 3014 934 3068 motibus
957 3013 1033 3082 snis;
1056 3013 1104 3068 ubi
1125 3013 1199 3069 euim

215 3099 299 3154 labor
321 3100 490 3168 seminatur,
515 3101 575 3157 illic
598 3100 717 3156 metitur
732 3100 865 3175 fructus.

174 3192 204 3239 30
259 3186 361 3241 Estote
390 3207 464 3264 ergo
486 3187 623 3263 perfecti,
652 3188 724 3242 sicut
746 3199 833 3262 pater
857 3198 952 3242 nester
972 3186 1125 3262 perfectus
1147 3197 1198 3242 est.

218 3272 276 3339 Qui
304 3273 401 3350 diligit
429 3275 553 3331 autricum
582 3293 665 3329 suum
701 3286 853 3349 peccatum
888 3273 1002 3348 quidem
1032 3292 1086 3328 uon
1109 3272 1201 3347 facit,

214 3360 357 3415 iusticiam
391 3373 487 3418 utitem
519 3381 573 3417 nou
602 3371 752 3436 operatur.
780 3361 940 3416 Dimidium
970 3371 1065 3415 autem
1095 3361 1199 3416 bonum

214 3457 256 3501 est
280 3447 429 3504 discedere
451 3468 468 3503 a
493 3451 570 3504 ritulo
594 3459 620 3504 et
644 3467 699 3503 uon
723 3449 804 3523 sequi
826 3448 939 3503 bonum.
965 3446 1133 3521 Perfectum
1158 3457 1200 3503 est

213 3545 319 3604 autem,
353 3546 382 3589 ut
411 3555 465 3590 nou
494 3536 587 3591 solum
608 3536 716 3612 fugiat
744 3537 852 3590 malum
881 3535 933 3592 sed
956 3534 1055 3609 faciat
1083 3533 1198 3590 bouum.

173 3621 282 3676 3fildeo
299 3622 382 3677 dicit:
407 3623 537 3697 Perfecti
558 3633 656 3689 estote,
682 3633 712 3676 ut
735 3632 762 3678 et
785 3623 895 3678 amicos
919 3622 1051 3698 diligatis
1071 3631 1197 3696 propter

211 3719 372 3783 peccatum,
410 3710 539 3766 inimicos
560 3721 686 3786 propter
714 3709 868 3779 iusticiam,
898 3709 1031 3784 quoniam
1061 3708 1135 3763 illud
1164 3708 1200 3764 de

211 3812 285 3870 pena
319 3796 433 3866 liberat,
467 3797 520 3853 ltoc
552 3808 647 3852 antem
683 3797 761 3852 ducit
795 3798 833 3851 ad
860 3795 999 3874 gloriam.
1035 3795 1096 3851 Nec
1124 3796 1197 3851 enim

211 3882 346 3959 perfecta
385 3894 426 3940 est
458 3884 515 3940 Dei
552 3885 652 3960 imago
690 3901 745 3958 que
783 3902 838 3938 non
871 3902 928 3959 per
963 3882 1059 3938 ornuia
1089 3882 1198 3938 similat

214 3970 317 4029 Deum.

263 4294 284 4345 8,
299 4307 321 4350 9.
337 4294 367 4337 B:
383 4296 425 4338 sed
437 4301 521 4340 nature
536 4298 606 4340 deest.
680 4295 710 4339 13.
725 4298 785 4343 uisi:
800 4298 832 4339 A:
848 4308 903 4339 non.
978 4309 1010 4347 ¹4·
1025 4297 1059 4339 A:
1075 4297 1099 4339 irt
1112 4309 1125 4338 s
1140 4297 1196 4340 ecte.

211 4346 244 4390 16.
268 4350 301 4390 Α;
325 4348 460 4391 sanctitate,
556 4361 585 4391 ει.
609 4348 637 4390 ll:
662 4354 716 4391 sunt
740 4349 810 4391 deest.
909 4349 944 4391 26.
970 4351 1002 4390 A:
1027 4361 1069 4391 sna
1091 4349 1118 4391 di
1126 4349 1196 4392 eccio.

212 4398 243 4443 31.
257 4400 285 4442 B:
312 4412 377 4443 suum
393 4401 462 4443 deest.
570 4399 604 4451 bs.
621 4403 654 4444 A:
677 4414 722 4444 mm
731 4402 826 4458 fugiat.
933 4400 968 4444 bo.
990 4403 1022 4444 A:
1048 4401 1106 4444 illud
1125 4402 1196 4444 deest.

211 4450 244 4507 37.
260 4455 292 4496 A:
308 4453 371 4496 dicit,
427 4452 460 4496 38.
478 4453 506 4496 tt:
522 4455 564 4509 qui
577 4465 631 4496 uon.
