3082 5138
111 460 179 504 cue.
196 449 313 532 xxxa]
472 469 630 518 secutum
653 470 747 518 enus.

158 627 230 681 Cum
252 627 345 703 igitur
366 640 536 703 preceptum
563 640 645 696 esset,
667 648 701 685 ue
720 641 850 686 sanctum
873 631 990 686 canibus
1015 633 1100 686 detm-

111 723 137 766 et
162 714 327 791 margarite
349 726 416 770 aitte
435 734 545 790 porcos
568 716 729 787 mittantur,
750 717 845 792 poterit
861 718 981 773 auditor
998 737 1098 773 occur·

111 817 178 855 rere
201 811 228 856 et
252 802 363 857 discere
386 803 517 858 conscius
545 804 715 879 ignorantie
741 815 826 878 atque
849 803 1026 882 infirmitatis
1050 822 1100 860 sne

110 898 137 941 et
163 888 284 944 aradiens
307 890 423 964 precipi
448 891 503 946 sibi
529 909 563 946 ne
586 891 679 959 daret,
712 892 789 965 qnod
816 892 941 967 seipsum
971 893 1097 947 nondum

84 977 254 1050 §occepisse
290 977 441 1032 senciebat.
482 978 579 1033 Potuit
616 996 690 1054 ergo
729 996 885 1034 occurrere
918 998 953 1034 ac
986 980 1098 1034 dicere:

114 1063 200 1127 Quod
237 1074 367 1119 sanctum
407 1082 452 1119 me
490 1067 564 1120 dare
601 1065 718 1121 canibus
750 1075 778 1121 et
809 1085 881 1140 qnos
914 1067 1097 1142 margaritas

110 1167 155 1203 me
179 1150 294 1207 mittere
315 1162 382 1206 ante
400 1169 510 1226 porcos
534 1163 623 1220 vetas,
652 1170 716 1207 cnm
745 1153 842 1208 adhuc
865 1171 897 1208 ea
923 1172 968 1208 me
992 1155 1098 1209 trabere

109 1254 163 1290 non
182 1237 318 1292 uideam?
337 1239 710 1312 oportunissimesubiecit:
734 1239 824 1295 Petite
840 1252 866 1295 et
882 1240 1028 1315 accipietis
1044 1251 1096 1296 ete.

109 1323 171 1378 Hec
195 1323 390 1395 Augustinus.

444 1528 549 1595 CAP.
574 1529 760 1594 XXXIX.

151 1671 276 1727 Videtur
308 1671 397 1729 istum
431 1687 569 1730 sanctum
606 1693 665 1731 non
704 1688 764 1731 tam
800 1674 906 1730 diffuse
939 1676 1094 1731 declarare
1117 1686 1301 1744 wemaywttu

108 1759 165 1814 boc
188 1760 311 1815 verbum
339 1760 483 1834 evangelii
508 1760 572 1817 sine
596 1779 695 1819 causa.
720 1763 854 1819 lnculcat
879 1761 957 1818 enim
985 1763 1094 1818 multas
1107 1739 1305 1847 ''fflffyffiugth'lil’fn

107 1846 257 1902 notabiles
274 1847 424 1919 veritates,
442 1847 542 1922 primo
559 1851 641 1923 quod
660 1851 739 1904 Deus
756 1848 936 1922 exemplavit
955 1848 1092 1904 fidelibus

107 1935 270 2006 prudenter
287 1935 426 1991 veritates
443 1937 639 2007 abscondere,
661 1937 713 1992 sed
730 1954 897 2010 numquam
915 1935 1093 2008 exemplavit

66 2019 281 2077 15hominibus
310 2022 499 2096 propositum
531 2022 710 2079 menciendi.
739 2026 775 2079 Et
804 2035 887 2097 patet
911 2024 992 2096 quod
1018 2023 1094 2078 blas-

107 2108 208 2179 phemi
238 2123 308 2165 sunt
331 2109 372 2164 illi
399 2109 522 2166 heretici
545 2109 596 2183 qui
625 2109 730 2166 dicunt
754 2112 835 2183 quod
861 2110 998 2166 Christus
1022 2128 1093 2182 sepe

107 2193 136 2248 in
161 2195 316 2268 evangelio
332 2210 376 2252 est
394 2196 536 2254 mentitus
553 2198 598 2254 vel
620 2199 712 2271 (quod
737 2197 767 2253 in
791 2196 870 2253 idem
896 2204 993 2266 sonat)
1011 2199 1091 2270 quod

105 2284 228 2339 verbum
261 2284 383 2340 Domini
418 2298 461 2340 est
494 2284 698 2340 communiter
730 2284 820 2340 nimis
849 2285 972 2346 lalsum;
1007 2283 1092 2339 cuius

105 2368 261 2426 evidenciu
293 2384 351 2427 stat
385 2370 414 2427 in
447 2371 519 2427 isto:
554 2370 612 2446 lpsi
646 2372 723 2428 male
756 2385 785 2427 et
817 2371 889 2428 salse
919 2371 1091 2443 intelligunt

61 2459 229 2513 roverbum
255 2458 377 2529 Christi,
410 2472 529 2532 oportet
563 2460 729 2514 concedere
762 2476 824 2515 esse
853 2458 972 2525 falsum,
1002 2478 1037 2515 ac
1067 2459 1089 2513 si

105 2542 147 2598 sic
180 2559 356 2618 arguerent:
391 2545 449 2619 lpsi
481 2545 554 2602 false
591 2544 762 2618 intelligunt
796 2547 902 2613 solem,
935 2558 1014 2601 astra
1045 2547 1089 2600 vel

105 2630 199 2686 eciam
235 2632 395 2704 deitatem3
428 2651 498 2705 ergo
533 2632 584 2688 illa
617 2631 731 2689 faciunt
764 2651 827 2689 esse
860 2633 933 2689 salsa
967 2644 1090 2706 propter

104 2719 178 2773 tales
202 2736 291 2775 canes
314 2720 359 2775 vel
383 2738 491 2793 porcos
514 2719 545 2774 in
570 2718 715 2775 moribus.

149 2807 206 2861 Dat
223 2807 360 2862 Christus
376 2808 508 2862 secundo
532 2806 701 2862 doctrinam
728 2805 943 2879 evangelicam,
961 2823 1028 2861 cum
1047 2803 1089 2860 sic
1130 2813 1176 2876 we
1190 2816 1274 2876 suoutt¹

61 2890 191 2948 25dicit:
228 2893 327 2949 Nolite
357 2903 489 2949 sanctiam
522 2895 595 2948 dare
622 2894 739 2949 canibus
773 2906 840 2964 etc,
874 2891 923 2948 ubi
956 2867 1308 2963 secuna0³l⁰¹d10¹³lssss⁶l¹⁰¹⁴

103 2981 271 3035 notandum
306 2994 348 3036 est
381 2981 462 3054 quod
494 2981 553 3036 duo
586 2998 696 3053 genera
729 2993 921 3052 peccatorum
956 2973 1307 3067 cavenda⁰⁰3}{¹2{¹'‘(‘!¹gdl5¹¹¹¹

103 3080 182 3134 sunt,
206 3085 243 3122 ne
267 3067 325 3123 illis
348 3067 556 3141 imprudenter
576 3067 687 3124 veritas
710 3066 882 3140 evangelica
906 3065 1088 3140 predicetur.
1106 3056 1175 3119 word
1188 3047 1247 3120 tro'm
1263 3057 1294 3119 iis

104 3155 179 3208 Nam
197 3153 306 3210 veritas
322 3154 497 3226 evangelica
513 3167 556 3211 est
570 3169 707 3211 sanctum
719 3153 948 3228 incorruptibile
965 3167 1089 3226 propter
1134 3135 1184 3171 “¹¹⁸
1199 3141 1274 3181 Μεθ’

104 3258 192 3295 canes
225 3254 253 3296 et
287 3241 452 3315 margarita
480 3255 636 3315 tamquam
667 3240 817 3297 medicina
845 3239 988 3296 cordialis
1018 3259 1089 3296 con-

60 3327 229 3383 losolativa
254 3327 387 3385 fidelium
413 3342 518 3385 contra
542 3347 659 3402 porcos.
685 3326 817 3397 Quidam
843 3327 922 3383 enim
947 3339 1016 3383 sunt
1037 3327 1088 3401 qui

102 3415 227 3470 audiunt
256 3419 379 3472 verbum
411 3415 614 3489 evangelicum
649 3416 700 3471 sed
730 3416 767 3470 ad
798 3414 974 3489 capcionem
1007 3413 1088 3469 verbi

102 3514 130 3555 et
147 3501 209 3557 eius
227 3503 444 3560 laceracionem
462 3503 596 3559 rixantur
606 3516 639 3558 ut
649 3520 738 3558 canes
754 3520 809 3557 nec
826 3501 889 3557 eius
905 3500 1088 3557 sentenciam

101 3589 167 3660 plus
196 3592 364 3647 attendunt.
399 3593 435 3646 Et
462 3589 493 3646 in
521 3588 579 3645 isto
608 3608 679 3646 casu
707 3601 776 3644 sunt
801 3591 919 3645 Fratres
948 3602 976 3644 et
1002 3587 1088 3643 multi

101 3675 150 3731 alii
168 3676 218 3750 qui
243 3677 323 3734 circa
348 3691 459 3734 textum
484 3677 632 3751 scripture
656 3675 763 3731 diffuse
787 3690 815 3732 ct
832 3675 979 3731 inutiliter
999 3676 1088 3731 alter-

58 3769 217 3832 35cantur‚
245 3765 376 3821 nitentes
404 3763 608 3838 integritatem
637 3781 741 3819 sensus
771 3762 882 3821 Christi
914 3762 1088 3835 dirumpere

101 3867 128 3908 et
152 3871 238 3907 suum
264 3870 385 3908 sensum
410 3870 482 3925 sepe
507 3850 672 3908 hereticum
697 3849 758 3907 sive
785 3850 922 3906 inutilem
948 3848 1088 3906 dentibus

10 3942 71 4009 [lent
100 3939 215 3996 caninis
232 3939 417 4013 imprimere,
442 3938 519 3996 sicut
544 3937 630 3994 multi
654 3951 723 3994 sunt
743 3931 747 4018 l
768 3936 939 4012 voluptuosi
957 3936 1088 3993 viventes

101 4026 265 4082 bestialiter
292 4041 437 4100 tanquam
463 4025 557 4101 porci,
582 4024 633 4101 qui
658 4043 719 4081 non
742 4024 864 4099 sapiunt
888 4023 1086 4081 subtilitatem

152 4312 168 4341 t.
184 4297 272 4342 Codd.:
290 4299 396 4342 daretur.
451 4297 470 4342 3.
486 4297 575 4341 Codd.:
590 4297 675 4341 dicere.
730 4309 751 4357 7.
767 4297 795 4340 B:
816 4309 866 4340 mea
881 4308 925 4339 me.
979 4307 1010 4338 to.
1026 4297 1047 4337 Α
1063 4294 1086 4355 ᾗιι

100 4364 185 4405 inore:
200 4351 332 4397 Jolnmues:
347 4353 362 4393 tt
382 4352 404 4393 iu
421 4364 507 4405 marg:
523 4350 566 4404 38.
648 4349 677 4393 13.
693 4352 714 4392 Α
730 4362 752 4392 ιη
768 4362 854 4401 uturp:
878 4362 894 4391 t.
976 4359 1010 4397 21.
1026 4349 1048 4390 Α
1063 4360 1085 4390 ιη

101 4416 187 4456 ritate:
204 4414 224 4446 u.
293 4418 327 4445 uu.
345 4406 377 4447 A:
393 4404 456 4454 anna
469 4405 543 4446 tuice.
612 4401 645 4445 aa.
662 4405 695 4444 Ατ
711 4407 734 4444 et
746 4407 865 4447 sancturus
881 4401 897 4443 ll
912 4402 1019 4443 correxit.

931 4475 984 4525 25*
