3082 5138
716 497 807 548 oeus
825 499 1079 552 at'suoetncun
1244 482 1327 567 [cae.
1341 497 1382 541 ιι.

383 660 539 713 anunm
563 659 623 714 Dei
651 659 811 733 adquirere
838 660 925 735 cupit,
953 662 1031 735 quod
1054 672 1151 736 potest
1178 662 1313 737 consequi
1344 680 1384 718 ex

384 748 482 800 studio
506 748 737 820 scripturarum,
765 748 842 821 quod
868 759 912 803 est
940 749 1043 803 docilis
1069 749 1137 820 uiri,
1164 749 1299 823 quoniam
1327 749 1385 824 ipsi

384 834 609 903 saturabuntur,
633 834 766 890 uidelicet
790 834 933 911 largitate
956 837 1203 892 remuneracionis
1219 836 1285 902 Dei,
1309 854 1379 911 quo·

384 921 463 975 nilon
496 921 610 975 maiora
642 932 729 977 erunt
757 923 875 996 premia
899 922 957 978 Dei
987 941 1073 997 quam
1106 923 1252 979 desideria
1283 942 1380 979 avara
1459 920 1464 928 '

383 1020 563 1063 sanctorum.
1230 1014 1242 1029 '
1395 1015 1409 1066 5

162 1104 235 1145 τω
255 1114 330 1145 nance
344 1106 373 1145 is.
429 1097 465 1149 Et
490 1109 522 1150 ut
546 1095 677 1152 breviter
701 1097 970 1169 comprehendam,
988 1096 1090 1152 cuncti
1107 1095 1229 1152 termini
1250 1095 1281 1152 in
1298 1095 1382 1170 prin-

384 1181 468 1255 cipio
490 1197 561 1238 sunt
585 1183 729 1244 notandi:
754 1197 782 1239 et
807 1202 868 1240 non
896 1183 1022 1239 dubium
1047 1183 1122 1258 quin
1146 1182 1285 1239 Christus
1307 1197 1381 1239 tunc

384 1268 518 1325 inculcat
543 1270 592 1326 hic
614 1289 736 1326 sensum
755 1271 921 1327 notabilem
945 1271 976 1326 in
994 1270 1051 1327 hiis
1075 1270 1183 1327 verbis.
1209 1271 1280 1326 Vult
1306 1288 1380 1344 ergo

358 1350 530 1433 'Christus
548 1359 631 1432 quod
657 1357 698 1413 illi
724 1372 794 1414 sunt
818 1357 866 1414 hic
890 1358 921 1414 in
934 1377 987 1432 spe
1011 1372 1040 1414 et
1063 1357 1205 1414 arraliter
1228 1357 1312 1414 beati
1328 1356 1382 1431 qui

385 1444 536 1501 ferventer
559 1459 589 1501 et
606 1445 764 1501 caritative
780 1446 955 1501 desiderant
971 1444 1090 1502 iusticie
1106 1446 1380 1519 complementum.
1396 1464 1429 1501 ιο

385 1533 448 1587 Nec
471 1532 598 1587 dubium
623 1532 698 1606 quin
722 1532 861 1588 Christus
890 1532 938 1588 bic
968 1531 1104 1606 loquitur
1126 1531 1329 1606 spiritualiter
1352 1545 1382 1588 et

386 1617 518 1677 mistice:
542 1638 599 1694 pro
623 1638 686 1693 quo
709 1634 831 1694 oportet
848 1619 947 1693 primo
962 1634 1069 1676 notare
1086 1620 1159 1694 quid
1184 1633 1228 1675 est
1251 1617 1382 1676 iusticia.

183 1732 203 1774 -ῑ
217 1731 357 1774 Ξωῂ
429 1705 552 1762 lustitia
580 1707 705 1780 quidem
735 1709 902 1763 secundum
936 1707 1102 1781 vulgariter
1126 1708 1287 1780 loquentes
1310 1725 1384 1769 con-

172 1791 376 1883 η’ζῇζῃ
386 1792 465 1848 sistit
490 1793 520 1849 in
544 1794 717 1852 tribuendo.
732 1793 897 1868 unicuique
917 1797 998 1868 quod
1023 1813 1111 1850 suum
1137 1808 1192 1864 est,
1217 1808 1246 1849 et
1270 1793 1313 1850 sic
1337 1807 1383 1850 est

226 1885 311 1935 'ssu
385 1895 489 1936 creata
520 1881 641 1937 iusticia
670 1880 824 1955 bipertita.
864 1881 999 1937 Primum
1034 1883 1206 1938 membrum
1240 1894 1285 1937 est
1318 1884 1428 1939 De015

385 1967 520 2023 tribuere
537 1971 620 2042 quod
645 1982 689 2024 est
710 1988 811 2039 suum,
828 1982 857 2024 et
873 1970 1039 2025 secundum
1066 1970 1237 2024 membrum
1263 1982 1308 2024 est
1332 1969 1384 2024 de-

384 2055 522 2110 siderare
545 2070 720 2129 competere
744 2070 881 2112 creature
905 2058 987 2130 quod
1020 2075 1054 2112 ex
1078 2057 1143 2129 lege
1166 2054 1269 2111 divina
1293 2056 1384 2111 debet

316 2142 320 2148 '
386 2144 513 2205 habere;
547 2156 575 2198 et
609 2143 690 2198 istud
725 2143 838 2199 iustum
872 2143 1057 2199 desiderium
1094 2142 1165 2199 lacit
1189 2141 1300 2205 iustos:
1323 2160 1381 2198 nec
1449 2140 1460 2155 ⁹

386 2231 513 2285 dubium
538 2229 612 2303 quin
638 2230 753 2286 esurire
777 2244 805 2286 et
829 2230 914 2286 sitire
937 2229 1088 2286 iusticiam
1113 2228 1260 2303 importat
1284 2230 1382 2285 multa

387 2317 490 2372 multis
513 2318 703 2373 abscondita.
728 2320 804 2374 Nam
823 2316 936 2374 esurire
953 2332 982 2373 et
998 2316 1082 2373 sitire
1099 2316 1204 2373 dicunt
1219 2317 1381 2373 vehemen·
1395 2340 1428 2374 20

386 2404 465 2459 ciam
491 2404 632 2478 corporei
656 2405 822 2478 appetitus,
855 2404 898 2461 sic
922 2406 1004 2478 quod
1038 2404 1154 2460 esurire
1187 2404 1326 2460 consistit
1350 2403 1381 2460 in

386 2492 526 2565 appetitu
555 2491 646 2547 calidi
670 2505 699 2547 et
724 2492 807 2563 sicci,
841 2491 924 2548 sitire
949 2494 1021 2548 vero
1054 2492 1085 2547 in
1117 2491 1257 2564 appetitu
1289 2490 1381 2548 calidi

386 2594 416 2634 ct
440 2579 574 2641 humidi:
599 2593 627 2635 et
651 2598 705 2652 per
730 2581 787 2636 hoc
821 2582 966 2635 docemur
999 2580 1081 2653 quod
1106 2578 1244 2635 homines
1269 2581 1381 2635 debent

386 2667 586 2722 effectualiter
614 2681 759 2740 appetere
792 2666 912 2723 iusticie
936 2667 1205 2740 complementum,
1230 2665 1274 2722 sic
1298 2667 1382 2740 quod

387 2773 444 2828 pro
468 2753 680 2827 complecione
705 2753 786 2809 illius
819 2753 938 2810 iusticie
963 2753 1102 2809 homines
1127 2755 1238 2809 debent
1262 2753 1326 2827 pati
1351 2752 1426 2810 in25

386 2860 527 2915 etimne.
552 2855 585 2896 ut
620 2855 704 2914 patet
737 2843 775 2896 de
808 2841 910 2897 multis
934 2840 1020 2914 penis
1044 2840 1202 2914 corporeis
1225 2859 1302 2915 quas
1327 2842 1382 2896 ho·

389 2930 485 2984 mines
517 2930 628 2984 debent
661 2927 764 2984 subire
796 2948 852 3002 pro
885 2928 1006 2985 iusticia
1038 2927 1248 3001 adimplenda3
1279 2941 1308 2984 et
1338 2926 1382 2982 illi

387 3017 532 3073 dicuntur
563 3015 648 3072 sitire
679 3015 831 3071 iusticiam
864 3015 916 3089 qui
951 3014 1128 3089 sanguinem
1164 3034 1251 3071 suum
1276 3015 1383 3070 volunt

388 3102 546 3160 effundere
570 3117 763 3159 remanentes
797 3099 942 3159 sitibundi
976 3100 1006 3157 in
1031 3120 1161 3175 corpore
1184 3121 1241 3175 pro
1264 3100 1383 3158 iusticie

388 3190 619 3264 complimento.
645 3193 682 3246 Et
706 3209 767 3246 non
792 3191 919 3246 dubium
937 3189 1011 3263 quin
1028 3189 1072 3245 illi
1090 3188 1142 3262 qui
1159 3190 1281 3246 racione
1306 3191 1383 3245 duce
1396 3198 1429 3248 30

388 3278 431 3335 sic
454 3277 592 3334 esuriunt
615 3291 644 3334 et
676 3277 787 3333 siciunt
820 3276 970 3333 iusticiam
1006 3290 1105 3333 stante
1129 3277 1263 3349 perfecta
1287 3276 1384 3332 conti·

388 3366 541 3422 nuacione
572 3379 660 3421 erunt
689 3365 720 3420 in
747 3365 936 3421 beatitudine
964 3363 1107 3433 saturati3
1136 3366 1218 3437 quod
1241 3366 1385 3437 sperabat

391 3454 561 3522 Psalmista,
597 3472 666 3509 cum
701 3451 774 3507 dixit
799 3453 920 3509 Psalmo
951 3454 1026 3522 XVl,
1056 3451 1108 3506 15:
1142 3451 1293 3523 Sociabor,
1317 3469 1383 3507 cum

389 3541 562 3615 apparuerit
578 3541 679 3618 glorio
702 3551 760 3594 tua.
787 3542 823 3595 Et
848 3539 898 3596 illa
922 3538 1054 3596 saciacio
1078 3536 1217 3594 consistit
1241 3538 1271 3593 in
1296 3537 1384 3594 bonis

389 3627 599 3701 spiritualibus
623 3627 901 3701 beatitudinisque
926 3626 1042 3683 saciant
1066 3623 1183 3682 animas
1207 3628 1427 3697 beatorum335

391 3729 418 3770 et
443 3715 473 3770 in
498 3715 554 3771 ista
579 3714 677 3770 esurie
710 3727 739 3770 et
763 3714 813 3769 siti
843 3714 880 3770 sit
914 3715 1029 3770 candor
1060 3711 1193 3768 vindicte
1217 3727 1246 3769 et
1270 3712 1384 3769 invidie

391 3804 595 3876 expellendus,
628 3821 665 3858 ne
699 3803 792 3857 homo
826 3814 950 3876 appetat
983 3813 1108 3875 propter
1139 3799 1303 3856 vindictam
1337 3801 1383 3855 vel

392 3891 506 3946 malum
541 3888 670 3963 proximi
705 3889 761 3944 hec
793 3888 912 3963 impleri
947 3890 1000 3944 sed
1024 3902 1151 3963 propter
1174 3905 1205 3944 se
1229 3886 1383 3943 iusticiam

391 3976 482 4033 divini
507 3975 700 4050 beneplaciti.
735 3979 770 4031 Et
794 3990 867 4033 tunc
891 3975 1045 4050 appetitus
1069 3989 1138 4032 sunt
1161 3994 1230 4032 vere
1253 3973 1325 4030 iusti
1350 3991 1384 4029 ex

392 4063 492 4122 divina
516 4063 635 4120 iusticia
661 4063 849 4121 beatitudine
874 4063 1070 4120 reformandi.
1394 4079 1429 4127 40

445 4351 467 4393 b.
482 4353 536 4394 Ain
549 4365 635 4406 marg.:
650 4351 777 4395 Jnlronnes.
831 4364 867 4405 21,
879 4350 911 4393 25.
923 4352 956 4393 A:
971 4351 1158 4406 complementum
1170 4351 1296 4393 -iusticie
1310 4353 1382 4394 deest.

395 4415 427 4456 ²7·
443 4406 669 4447 montanismum.
742 4404 775 4459 37.
792 4405 821 4445 lt:
842 4404 989 4459 expedenda
1058 4402 1371 4457 38.n:c0mp1en;tu.n

391 4462 490 4510 propter
501 4469 545 4510 per
559 4470 591 4498 se.
