3082 5138
206 2385 250 2428 We
266 2393 327 2427 must
343 2386 370 2427 be

208 2439 236 2480 ah
252 2439 330 2491 things
345 2445 369 2479 to

212 2492 240 2533 ull
256 2503 321 2535 men:
338 2491 368 2546 by

212 2544 272 2592 love,
287 2550 326 2585 not
342 2544 370 2599 by

222 2596 354 2653 hypocrisy.

714 470 804 519 OPUS
822 469 1075 520 EVANGELICUM
1188 448 1276 533 [CAP.
1292 456 1406 504 xxm.

405 646 469 684 curn
485 629 611 684 omnium
624 629 763 684 viciorum
780 630 981 687 accusaciones
995 630 1062 685 odio
1078 639 1105 685 et
1115 629 1211 684 livore
1224 623 1405 701 suscipiant,

405 717 494 771 eciam
524 717 704 773 consultores
728 718 824 773 videri
845 737 876 774 se
899 718 1007 775 volunt.
1037 717 1077 772 Et
1099 717 1164 772 ideo
1183 716 1236 792 pie
1259 723 1406 787 cauteque

407 803 588 880 vigilandum
612 816 663 873 est,
688 816 718 860 ut
741 823 805 860 cum
834 806 958 880 aliquem
983 804 1201 880 reprehendere
1225 801 1275 858 vel
1298 799 1404 857 obiur-

403 910 480 967 gare
510 911 562 948 nos
593 893 671 968 cogit
696 893 838 966 fraterna
871 893 1037 963 necessitas,
1066 892 1198 968 primum
1232 889 1404 967 cogitemus

404 989 502 1033 utrum
527 980 586 1034 tale
611 980 649 1034 sit
674 980 777 1035 vicium
806 981 884 1056 quod
907 999 1064 1056 numquam
1089 979 1244 1034 habuimus
1270 976 1321 1033 vel
1342 981 1429 1051 quob

403 1066 461 1120 iarn
478 1068 636 1127 caruimus,
661 1078 687 1120 et
703 1067 730 1122 si
744 1085 900 1142 ntnrrquarn
925 1068 1087 1137 habuimus,
1111 1067 1277 1142 cogitemus
1302 1075 1331 1119 et
1348 1079 1403 1117 nos

404 1152 534 1209 homines
562 1171 623 1209 esse
655 1165 681 1209 et
709 1154 817 1210 habere
840 1155 971 1229 potuisse
997 1155 1057 1210 tale
1084 1153 1162 1229 quod
1184 1152 1347 1230 arguimus
1371 1149 1401 1203 in

397 1239 513 1312 fratre,
541 1242 567 1296 si
591 1260 661 1296 vero
684 1241 842 1316 aliqttando
866 1242 1019 1297 habuimus
1041 1253 1069 1297 et
1093 1242 1150 1296 iarn
1175 1258 1231 1296 non
1256 1239 1402 1294 habemus

403 1337 506 1403 tangat
532 1329 703 1383 memoriam
729 1330 888 1384 communis
917 1330 1073 1406 infirmitas
1095 1330 1222 1383 humana
1247 1345 1337 1402 quam
1361 1324 1400 1380 sit

403 1416 443 1467 ad
466 1415 574 1470 rnahmt
597 1435 704 1490 prona,
729 1435 813 1490 qteam
843 1417 883 1470 ad
906 1417 1010 1472 bortum
1034 1417 1133 1485 tarda,
1162 1415 1219 1470 nisi
1245 1412 1400 1470 adiuverit
1415 1433 1444 1466 10

404 1502 573 1557 misericors
607 1504 712 1581 gracia
742 1504 799 1558 Dei
826 1504 928 1571 nostri,
960 1515 990 1558 ut
1022 1503 1104 1558 illam
1138 1501 1398 1577 reprehensionem

403 1600 452 1643 aret
477 1591 714 1667 obiurgacionern
740 1609 794 1646 non
818 1591 916 1646 odium
941 1592 993 1646 sed
1016 1590 1219 1646 misericordia
1240 1588 1399 1664 precedat,

403 1687 433 1729 ut
456 1677 516 1732 sive
539 1679 578 1732 ad
600 1679 813 1733 correccionem
830 1677 900 1746 eius,
922 1690 1048 1754 propter
1063 1697 1144 1754 quem
1166 1675 1398 1752 iiiudsacimus,

402 1763 463 1817 sive
488 1765 528 1818 ad
553 1765 772 1840 perversionem
802 1765 925 1822 valuerit
950 1766 1030 1839 (nam
1054 1767 1181 1821 incertus
1204 1776 1248 1820 est
1271 1757 1396 1842 esitus),

404 1869 455 1906 nos
471 1862 566 1906 tamen
578 1853 613 1907 de
627 1853 812 1927 simplicitate
821 1853 899 1909 oculi
910 1854 1004 1909 nostri
1017 1854 1115 1910 securi
1128 1853 1228 1909 simus.
1247 1851 1282 1907 Si
1295 1862 1396 1907 autem
1411 1855 1439 1905 15

404 1938 566 2015 cogitantes
594 1951 704 1995 nesrrret
732 1940 809 2015 ipsos
838 1941 1033 1996 invenerimus
1061 1941 1089 1996 in
1113 1959 1146 1996 eo
1170 1939 1244 1996 vicio
1267 1958 1341 2007 esse,
1367 1937 1395 1992 in

403 2043 459 2100 quo
482 2037 525 2082 est
548 2027 597 2081 iile
613 2045 695 2102 quern
713 2028 928 2103 reprehendere
940 2029 1132 2102 parabamus,
1156 2047 1212 2084 non
1230 2026 1395 2103 reprehen-

404 2113 518 2185 damus,
542 2132 630 2188 neqne
653 2115 851 2192 obiurgemus,
879 2116 931 2171 sed
954 2126 1064 2171 tanturn
1089 2114 1344 2192 congemiscamus
1368 2122 1396 2168 et

404 2200 448 2255 illi
475 2213 501 2255 et
529 2202 619 2273 nobis,
648 2212 675 2257 et
703 2221 758 2258 iton
785 2203 866 2257 illum
891 2203 931 2257 ad
954 2203 1211 2279 obtemperandum
1236 2201 1319 2258 nobis
1341 2201 1396 2256 sed

403 2289 442 2342 ad
462 2288 579 2363 pariter
601 2290 763 2344 conandum
788 2290 950 2345 invitemus.
1407 2307 1439 2342 ao

447 2376 523 2430 Nam
548 2387 575 2432 et
599 2376 672 2431 illud
695 2378 772 2451 quod
796 2377 864 2432 dicit
884 2378 1056 2452 Apostolus:
1079 2378 1189 2432 Factus
1211 2393 1275 2431 sum
1291 2373 1396 2429 Judcis

403 2473 550 2539 tarrtquam
574 2463 692 2534 iudeus,
725 2476 754 2518 nt
783 2465 861 2540 ipsos
889 2465 1105 2540 lucrifacerem,
1139 2476 1165 2520 et
1193 2463 1234 2518 eis
1260 2462 1312 2538 qui
1339 2461 1394 2516 sub

404 2550 469 2626 iege
491 2562 557 2605 sum
579 2552 663 2625 quasi
684 2551 736 2606 snb
761 2552 826 2629 iege
853 2570 954 2622 essem,
983 2571 1047 2608 cum
1077 2570 1131 2607 non
1159 2551 1213 2607 sim
1238 2551 1291 2606 sub
1315 2549 1393 2625 Iege,

404 2648 433 2691 ut
457 2656 505 2692 eos
529 2637 578 2712 qui
599 2638 651 2693 suh
676 2639 740 2715 iege
763 2650 848 2694 erant
872 2639 1089 2714 lucrifacerem,
1113 2638 1168 2694 hiis
1184 2637 1310 2712 quisine
1326 2636 1395 2712 Iege

403 2735 468 2778 sunt
497 2725 580 2798 qnasi
606 2726 667 2781 sine
696 2726 771 2802 Iege,
804 2745 868 2781 cum
897 2728 958 2782 sine
982 2727 1048 2803 Iege
1071 2726 1129 2781 Dei
1157 2745 1212 2782 non
1240 2725 1307 2796 sim,
1340 2723 1437 2779 sedai

402 2812 456 2865 sim
486 2813 513 2865 in
543 2812 610 2889 Iege
636 2812 758 2878 Christi,
787 2825 816 2867 ut
845 2814 1050 2888 lucrifacerem
1080 2832 1127 2869 eos
1155 2813 1205 2888 qui
1231 2813 1293 2868 sine
1325 2811 1394 2888 lege

402 2910 478 2966 sunit,
497 2899 602 2972 sactus
624 2919 687 2955 snm
712 2900 837 2976 infirmis
860 2901 1003 2977 infirmus.
1028 2912 1057 2955 nt
1081 2901 1213 2977 infirmos
1237 2900 1394 2954 lucrarer:

403 2986 534 3041 onmihus
557 2987 651 3041 omnia
667 2987 771 3061 sactus
793 3006 867 3056 suni,
897 2998 927 3042 ut
954 3007 1053 3044 omnes
1076 2988 1294 3061 lucrifacerem.
1324 2985 1393 3040 Non

404 3073 500 3147 utique
523 3074 711 3130 simulacione
727 3075 870 3149 faciebat,
893 3093 976 3150 quem
997 3069 1002 3155 Ι
1022 3076 1180 3131 admodum
1205 3074 1322 3148 qttidam
1349 3072 1392 3127 in·
1423 3076 1482 3145 394⁸

403 3161 500 3237 telligi
515 3162 623 3218 volunt.
648 3173 793 3217 uteorum
815 3162 967 3217 simulacio
985 3163 1153 3218 detestanda
1174 3162 1249 3216 tanti
1262 3160 1396 3234 exempli
1405 3167 1438 3216 30

403 3249 577 3304 auctoritate
605 3249 769 3318 sententiatum
795 3250 847 3304 sed
874 3250 928 3305 hoc
944 3250 1078 3323 jaciebat
1105 3249 1307 3324 caritateque
1332 3247 1394 3303 eius

404 3325 613 3410 infirmitatem,
624 3338 671 3393 cui
682 3338 793 3392 volebat
805 3336 967 3405 subvenire,
978 3348 1125 3411 tamquam
1136 3356 1218 3392 suam
1230 3335 1392 3412 cogitabat.

406 3421 469 3477 Hoc
493 3424 565 3478 enirn
590 3435 617 3479 et
636 3424 777 3499 prescivit
801 3424 937 3479 dicendo:
969 3426 1041 3479 Cum
1066 3425 1139 3479 enim
1168 3425 1241 3480 iiber
1264 3442 1327 3478 sum
1354 3439 1394 3477 ex

404 3511 544 3573 euntibus,
569 3512 695 3566 onmium
718 3530 762 3567 tne
782 3530 900 3566 servum
911 3512 985 3585 seci,
1010 3522 1040 3566 ut
1052 3512 1155 3587 plures
1171 3511 1390 3585 lucrifacerem.

408 3597 496 3662 Quod
518 3609 547 3652 ut
572 3598 720 3675 inteiligas
744 3617 798 3653 non
822 3599 1011 3655 ,sisinciacione
1033 3600 1085 3654 sed
1108 3598 1231 3654 caritate
1244 3597 1320 3674 fieri
1333 3603 1435 3673 qua35

403 3684 528 3759 infirmis
556 3686 716 3741 horninibus
744 3697 890 3760 tamqnam
921 3705 973 3742 nos
999 3687 1089 3742 simus
1112 3686 1317 3761 compatimur,
1350 3685 1391 3738 ita

404 3784 499 3826 itione!
531 3773 590 3827 alio
622 3774 695 3843 Ioco,
729 3774 839 3829 dicens:
875 3774 930 3829 Vos
958 3774 985 3828 in
1015 3773 1177 3830 libertatem
1204 3774 1299 3829 vocati
1321 3772 1391 3827 estis

395 3859 525 3933 fratres,
549 3871 659 3914 tanturn
686 3880 720 3916 ne
743 3861 904 3916 libertatem
929 3862 956 3916 in
981 3861 1159 3917 occasionem
1184 3860 1282 3916 carreis
1306 3859 1389 3921 detis,

402 3947 454 4000 sed
474 3966 530 4021 per
553 3948 705 4003 caritatem
729 3949 837 4004 servite
859 3949 990 4005 invicem.
1021 3949 1109 4017 Quod
1122 3947 1197 4024 fieri
1219 3966 1273 4004 non
1294 3955 1392 4022 potest

456 4215 477 4247 n⁴
495 4204 527 4243 A:
542 4203 619 4256 primo
634 4215 754 4258 cogemus.
835 4202 856 4244 6.
872 4205 931 4246 Ain
949 4215 1034 4257 marga
1055 4203 1091 4245 De
1104 4201 1390 4258 correpcionesraterna.

406 4265 436 4303 ιι.
452 4254 539 4295 (lodda
555 4267 624 4309 aream
640 4256 749 4298 incertus.
831 4268 860 4307 ¹7·
876 4259 910 4298 A:
925 4268 969 4310 otte
984 4256 1165 4310 reprehendere.
1244 4255 1274 4300 18.
1289 4255 1319 4297 1³:
1335 4265 1390 4296 con=

403 4318 568 4363 gemescamus.
624 4320 656 4349 ιι,
672 4311 704 4350 A:
720 4306 851 4351 aetnaeos.
906 4308 939 4351 es.
955 4309 983 4351 u:
1000 4307 1157 4366 lucrifaciam.
1212 4307 1240 4351 31.
1252 4310 1285 4350 A:
1301 4311 1325 4350 et
1337 4307 1389 4349 hoc.

458 4415 739 4475 21.1.c0r.1x,20.
811 4416 966 4483 33.ib.19.
1040 4419 1079 4482 37.
1100 4418 1202 4478 Gal.V,
1225 4419 1262 4468 13.
