3082 5138
145 507 213 553 can.
230 491 302 573 ιιιι]
498 507 658 558 εεευιιῡιι
678 507 774 557 enus.

144 672 255 730 animal
288 670 470 745 requiescere
503 679 598 744 potest
634 668 690 724 nisi
730 668 930 723 tantummodo
974 679 1130 744 serpentes.

145 761 192 816 Sic
208 760 292 815 iuxta
300 757 423 834 fidelem
441 755 583 812 bominem
608 767 635 812 et
659 755 766 811 boniet
783 755 855 810 mali
879 755 1007 811 homines
1029 774 1130 831 pacem

144 865 250 922 capere
263 855 399 921 possunt;
422 844 504 899 iuxta
526 843 655 919 infideles
671 853 766 898 autem
784 842 914 898 homines
931 860 1014 898 nemo
1027 861 1130 918 pacem

141 945 237 1010 potest
263 933 379 1000 habere,
413 949 502 1005 neque
534 931 715 1005 requiescunt
738 930 766 984 in
790 930 831 985 eis
855 930 910 987 nisi
931 930 1132 986 tantummodo

120 1025 302 1096 §serpentes
326 1019 424 1089 idest,
449 1019 584 1073 demones
607 1016 655 1092 qui
670 1017 774 1073 liabent
787 1017 890 1073 cubilia
914 1017 942 1072 in
962 1018 1133 1092 pectoribus

145 1126 256 1164 eornm.
281 1107 411 1162 fructus
434 1123 533 1161 eornm
559 1105 633 1160 nulli
650 1105 815 1180 procedunt
838 1104 878 1159 ad
901 1123 1005 1159 tanton:
1028 1105 1131 1160 umbra

144 1195 218 1251 enim
243 1193 400 1270 refrigerii
422 1203 534 1248 nonest
558 1192 585 1246 in
609 1192 659 1263 είε,
684 1203 711 1247 ει
735 1209 835 1247 uerum
859 1201 901 1247 est
917 1191 1042 1266 quidem,
1066 1193 1132 1267 quia

144 1283 244 1357 spinas
259 1292 286 1336 et
302 1280 425 1336 tribulos
434 1297 531 1335 omnes
547 1278 658 1353 iniquos
676 1279 820 1335 hereticos
836 1279 1012 1354 appellavit;
1036 1291 1132 1336 tamen

138 1370 272 1443 forsitan
300 1367 393 1423 sciens
419 1366 561 1422 Dominus
589 1367 663 1422 lianc
686 1366 810 1422 heresim
832 1384 894 1422 esse
914 1367 1131 1441 prevalitnram

106 1478 135 1510 to
142 1475 199 1533 pre
226 1456 356 1511 omnibns
385 1454 508 1509 tribulos
532 1471 580 1510 eos
604 1453 763 1529 appellavit
787 1453 870 1528 quasi
890 1454 1040 1510 Trinitatis
1060 1472 1132 1530 pro-

136 1545 272 1618 fessores
310 1553 337 1598 et
364 1541 546 1620 triangulam
572 1541 746 1617 impietatem
771 1541 798 1595 in
822 1559 874 1597 sua
895 1541 1021 1617 perfidia
1050 1542 1131 1598 bain-

146 1631 246 1687 lantes.

190 1719 255 1774 Non
277 1728 374 1793 potest
406 1718 498 1772 arbor
530 1717 602 1773 bona
619 1718 743 1792 sructns
776 1716 869 1771 malos
895 1717 1003 1791 jacere
1027 1726 1132 1771 elnon
1156 1702 1333 1807 {ffifflss}

144 1816 240 1881 potest
272 1806 363 1861 arbor
398 1805 476 1860 mala
497 1805 605 1879 jacere
624 1805 760 1878 sructnrn
790 1803 904 1857 bonurn.
943 1802 1009 1857 Non
1043 1803 1134 1858 dixit:
1174 1814 1220 1850 uec
1235 1815 1320 1900 cabnn01

108 1892 238 1950 isarbor
261 1893 338 1948 mala
363 1911 418 1948 non
438 1902 534 1967 potest
548 1892 622 1969 fieri
644 1892 726 1957 bona,
751 1891 802 1946 sed
834 1879 923 1964 neque
944 1891 1036 1945 arbor
1058 1891 1132 1945 bona
1143 1860 1199 1954 ἓξὲξ
1202 1859 1296 1963 lima?
1301 1871 1349 1953 ’biii

148 1979 235 2037 niala.
274 1979 408 2054 Alioquin
433 1979 482 2053 qui
513 1979 606 2034 malus
638 1988 681 2033 est
704 1997 720 2032 a
744 1978 808 2032 Deo
832 1988 904 2032 esset
937 1978 1014 2051 qnod
1037 1978 1133 2033 malus
1167 1965 1326 2007 “mmmm

148 2078 199 2139 est,
233 2078 259 2121 ει
290 2067 340 2142 qni
371 2068 469 2135 bonus,
500 2066 528 2120 in
560 2066 625 2121 Deo
654 2076 696 2120 est
739 2065 817 2140 quod
840 2065 930 2120 bonus
954 2075 1005 2119 est.
1048 2065 1132 2122 Nunc
1160 2017 1332 2124 {ggfiffig

147 2165 242 2210 autem
259 2153 332 2209 sicut
356 2154 438 2209 dicit:
463 2152 562 2208 Malus
578 2171 633 2208 non
653 2162 750 2228 potest
767 2153 877 2225 facere
893 2152 1016 2226 fructus
1032 2152 1131 2222 bonos,
1152 2121 1338 2228 corrigiiiidinn

148 2242 177 2296 id
200 2253 252 2311 est,
280 2241 417 2316 quamdin
441 2240 535 2296 malus
559 2251 609 2296 est.
649 2239 682 2294 Si
704 2258 773 2295 uero
790 2240 896 2314 sactus
911 2239 1009 2314 suerit
1033 2240 1132 2311 bonus,
1208 2226 1283 2270 truits.

106 2339 240 2404 sopotest
263 2339 294 2384 ut
321 2327 514 2402 unusquisqne
545 2328 622 2402 quod
654 2327 748 2382 malus
776 2337 820 2384 est
844 2337 894 2382 aut
918 2327 1008 2381 bonus
1032 2327 1133 2382 uolun-

148 2416 216 2472 tatis
238 2415 299 2471 eius
327 2415 364 2471 sit
388 2434 442 2471 non
466 2425 578 2471 nature.
605 2414 681 2469 Nam
705 2415 732 2469 si
754 2414 866 2470 volebat
889 2425 916 2469 et
940 2432 994 2469 non
1015 2424 1134 2489 poterat

141 2503 265 2577 fructus
288 2503 376 2558 bonos
401 2503 545 2578 proferre
577 2513 681 2557 nature
704 2511 777 2558 erat.
811 2501 844 2556 Si
871 2511 966 2556 autem
987 2512 1085 2577 potest
1108 2513 1135 2558 et

150 2608 204 2645 non
230 2592 301 2662 vult,
329 2590 448 2645 arbitrii
469 2599 510 2645 est
534 2608 589 2644 non
614 2598 726 2644 nature.
759 2587 846 2665 Ergo
873 2606 976 2644 seruus
999 2589 1058 2644 Dei
1079 2608 1134 2645 non

147 2688 242 2753 potest
257 2679 366 2752 jacere
389 2678 508 2732 malum.
548 2677 588 2731 Et
610 2677 638 2732 si
660 2675 775 2731 uidetur
805 2675 856 2730 tibi
878 2676 1034 2751 aliqnando
1058 2677 1136 2750 quod

107 2765 226 2822 25male
241 2765 331 2838 jacit,
354 2765 506 2820 considera
523 2774 607 2820 caute
623 2764 715 2840 ipsum
741 2763 849 2818 malum
875 2763 935 2819 citis
958 2773 985 2820 et
1011 2763 1136 2818 inuenies

149 2870 213 2908 eum
237 2853 272 2908 ab
295 2853 372 2907 intus
399 2871 460 2908 esse
479 2851 593 2908 bonum.
618 2851 695 2906 Nam
720 2868 759 2905 ex
778 2851 932 2926 proposito
949 2850 1020 2905 bono
1045 2850 1134 2905 eciam

149 2940 226 3014 qnod
251 2940 365 2995 videtur
389 2940 497 2995 rnalum
526 2939 630 2994 bonurn
655 2948 707 3007 est,
734 2938 800 3011 quia
824 2938 928 2992 bonnm
949 2937 1135 3012 propositum

151 3026 259 3080 malum
293 3044 365 3101 opus
397 3036 528 3090 excusat,
567 3025 675 3079 malum
714 3035 809 3080 antem
844 3041 916 3098 opus
950 3024 1135 3099 propositum

150 3113 252 3168 bonnm
277 3132 333 3168 non
357 3122 549 3188 contempnat.
580 3110 685 3167 Vidisti
699 3110 826 3190 Moysen
852 3112 1039 3167 homicidium
1056 3111 1136 3184 saci-

108 3209 252 3269 soentem,
269 3199 386 3255 sednon
399 3210 524 3274 propter
535 3216 618 3254 suam
636 3198 771 3254 iniuriam
782 3199 835 3254 sed
847 3210 973 3273 propter
982 3216 1135 3254 seruorum

149 3284 209 3343 Dei
231 3285 398 3342 uindictam.
438 3285 541 3341 Vidisti
561 3286 651 3341 Jacob
684 3286 766 3341 alind
794 3286 953 3360 loquentem
983 3286 1010 3340 in
1035 3285 1136 3363 lingna

149 3384 176 3429 et
198 3373 281 3428 aliud
308 3374 457 3429 habentem
486 3374 513 3428 in
538 3375 636 3439 corde,
665 3392 729 3430 cum
759 3373 867 3429 diceret
890 3373 929 3427 ad
951 3372 1042 3440 Esau,
1070 3372 1136 3448 qnia

151 3460 211 3516 vidi
226 3460 338 3535 sociem
363 3471 453 3528 tuam,
476 3461 550 3516 sicut
578 3461 628 3534 qui
657 3460 763 3516 viderit
787 3461 900 3535 faciem
925 3460 983 3515 Dei
1004 3460 1057 3515 sed
1080 3478 1136 3515 non

150 3559 180 3602 nt
204 3548 349 3623 deciperet
372 3566 436 3603 eum
460 3549 512 3604 sed
535 3559 565 3602 ut
588 3559 793 3623 compesceret.

108 3642 137 3694 35
194 3634 344 3705 Similiter,
362 3636 455 3691 malus
473 3654 528 3691 non
545 3646 641 3711 potest
655 3636 763 3709 facere
786 3635 908 3704 bonnm;
930 3645 957 3689 et
979 3634 1006 3689 si
1022 3634 1169 3689 uideturA
1185 3636 1312 3732 ῐιιιάιιίιὲιι1
1328 3649 1355 3679 οι

150 3723 202 3777 tibi
227 3723 335 3796 jacere
364 3723 479 3792 bonnm,
517 3723 669 3778 considera
694 3734 776 3778 cante
800 3723 892 3798 ipsum
917 3722 1020 3777 bonurn
1045 3732 1072 3777 et
1096 3721 1137 3775 in·
1182 3701 1313 3784 godildi)

153 3810 246 3865 venies
269 3810 343 3865 illud
366 3810 401 3865 ab
425 3811 501 3865 intns
525 3828 586 3865 esse
610 3810 729 3865 malum.
761 3809 837 3864 Nam
867 3810 945 3883 qnod
967 3826 1005 3864 ex
1024 3827 1136 3884 propo·
1212 3795 1282 3848 ⁸⁰⁰⁶·

151 3896 205 3952 sito
230 3896 309 3952 nzalo
324 3897 364 3973 fit
388 3897 478 3952 eciam
500 3897 604 3952 bouum
630 3897 739 3952 malum
766 3907 817 3952 εει.
842 3896 919 3952 Nam
936 3897 1040 3952 bonnm
1064 3914 1137 3970 opus

188 4215 222 4263 ¹7.
239 4202 267 4245 B:
283 4207 317 4245 est
332 4203 426 4245 omitted
443 4203 521 4245 before
535 4203 635 4258 quidem.
723 4216 744 4256 o.
762 4205 793 4246 B:
809 4216 858 4246 esse
873 4204 943 4264 deest.
1019 4216 1049 4246 ιτ.
1064 4205 1098 4246 A:
1114 4207 1138 4245 et

151 4266 190 4349 ppt
199 4257 295 4351 Abonnm
315 4260 381 4349 εέεει.
411 4306 423 4350 3
450 4269 491 4349 ulti.
505 4257 533 4297 B:
553 4258 676 4298 stantem.
742 4267 779 4317 ἐι.
800 4256 829 4297 B:
845 4256 873 4297 Si
886 4255 986 4298 videtu.
1012 4256 1041 4298 Et
1062 4256 1133 4298 deest.

151 4343 158 4350 .
179 4340 183 4347 .
227 4320 323 4362 .qutm
341 4320 356 4349 i.
425 4323 446 4359 a.
487 4313 531 4351 ,ιιι
546 4320 705 4363 comprescerc
719 4308 787 4350 dixit.

204 4433 244 4484 33.
264 4433 329 4482 Gen.
348 4433 458 4496 xxxin,
482 4449 519 4482 ιο.
