3082 5138
176 472 244 515 car.
261 458 330 545 ixi]
567 480 669 528 uittam
692 480 787 529 ntus.

176 656 268 712 quam
293 637 432 695 Christus
457 638 586 696 instituit
611 654 639 696 et
663 640 707 697 sui
732 640 862 714 apostoli
887 642 1094 697 observarunt.
1126 644 1161 696 Et

175 725 381 799 potenciorem
395 725 613 800 blasphemiam
628 746 689 783 non
703 727 813 797 audiri,
831 740 862 783 ut
874 740 956 800 patet
972 730 1010 784 de
1023 739 1162 801 patrono,
1193 800 1196 805 .

175 815 212 869 de
241 814 343 886 regula
372 827 400 870 et
432 816 469 870 de
493 813 695 871 militantibus
722 814 752 871 in
781 815 837 871 hac
871 828 962 872 secta.
1002 816 1058 871 Iste
1091 832 1162 888 ergo
1185 824 1364 886 ‘lnesecrsjire

173 912 256 957 secte
280 899 379 974 primo
402 914 472 957 sunt
495 900 627 975 ypocrisi
653 901 776 972 irretite,
810 904 943 959 secundo
967 900 1092 958 notabili
1116 900 1162 958 in·
1202 877 1348 987 ¹ffissffces‘fs}¹¹

150 986 356 1060 §gratitudine
373 989 473 1063 quoad
487 987 650 1061 Christum,
669 1003 697 1046 et
713 989 808 1046 tercio
824 988 967 1046 facientes
983 988 1160 1045 divisionem

174 1087 203 1131 et
238 1076 404 1149 dampnum
440 1074 469 1130 in
503 1075 629 1133 ecclesia
664 1095 696 1133 ex
724 1095 779 1132 sua
814 1077 946 1133 novitate
975 1088 1044 1133 sunt
1072 1074 1161 1132 nimis

175 1161 259 1218 multi
284 1161 314 1218 in
338 1161 513 1236 triplicitate
539 1162 594 1219 ista
619 1163 806 1237 dampnabili
832 1163 1011 1237 pertinaces.
1046 1166 1081 1219 Et
1106 1164 1161 1220 hec

174 1248 256 1306 racio
279 1268 373 1324 quare
398 1248 534 1306 Christus
558 1262 585 1306 et
609 1249 654 1307 sui
685 1250 737 1307 filii
767 1250 897 1325 graviter
927 1252 1025 1308 serunt
1053 1250 1160 1307 harum

173 1350 323 1393 sectarunt
365 1337 521 1395 mendacia
559 1351 739 1412 sumptuosa
778 1352 806 1395 et
844 1351 950 1412 petunt
983 1336 1160 1411 diligencius

135 1423 388 1481 10l'undaci0nem
422 1443 455 1481 ex
489 1424 550 1480 suis
582 1425 680 1482 verbis
713 1439 741 1482 et
775 1424 927 1498 operibus,
962 1438 994 1481 ut
1027 1437 1159 1498 oportet.

174 1511 292 1567 Scimus
314 1511 437 1586 quidem
459 1513 541 1587 quod
566 1511 705 1569 diabolus
729 1512 759 1568 in
783 1511 954 1569 novissimis
979 1511 1084 1568 diebus
1107 1530 1160 1585 per

173 1617 257 1656 suam
298 1618 448 1655 summam
488 1600 636 1656 cautelam
677 1598 790 1656 scilicet
834 1598 999 1673 ypocrisim
1044 1599 1160 1656 seducit

174 1685 331 1760 plurimos.
366 1700 394 1741 et
427 1705 532 1743 omnes
560 1688 615 1743 hee
643 1700 775 1763 quatuor
808 1686 838 1742 in
867 1684 997 1761 ypocrisi
1031 1686 1160 1743 maxime

174 1774 341 1835 elaborant.
376 1792 410 1829 ac
443 1773 467 1829 si
498 1773 659 1831 innuerent
689 1776 770 1849 quod
796 1773 853 1830 nisi
882 1772 1037 1830 christiani
1063 1787 1160 1830 sectas

134 1860 243 1917 ¹5suas
267 1860 426 1918 induerent
455 1861 500 1916 vel
530 1861 635 1918 saltem
669 1860 770 1918 debito
799 1860 946 1936 obsequio
975 1862 1160 1918 honorarent

175 1962 298 2021 propter
321 1947 511 2005 sanctitatem
536 1961 616 2004 secte
640 1967 700 2004 non
726 1961 795 2004 sunt
823 1950 859 2005 de
888 1965 1014 2004 numero
1043 1948 1159 2005 salvan·

174 2037 292 2090 dorum.
334 2039 412 2091 llcus
444 2035 467 2090 si
502 2034 572 2091 velit
608 2048 762 2092 convertat
795 2038 832 2092 ad
867 2034 1042 2109 religionem
1073 2053 1158 2093 suam

175 2121 331 2196 pristinam
359 2122 429 2178 istus
453 2134 560 2179 sectas.

553 2327 657 2391 CAP.
681 2327 776 2390 LXI.

131 2495 162 2527 ao
215 2471 358 2545 Sequitur
375 2471 405 2526 in
423 2470 616 2545 esposicione
640 2471 728 2526 huius
745 2471 840 2528 sancti
861 2471 959 2528 latini
977 2471 1033 2528 sic:
1061 2473 1160 2546 Itaque
1204 2481 1342 2534 Augustino.

172 2559 334 2633 accipiatur
350 2559 481 2615 iuimicus
496 2576 559 2614 esse
575 2559 741 2635 diligendos
757 2570 783 2614 et
800 2558 1036 2633 benefaciendum
1054 2558 1160 2633 eisqui

173 2664 223 2701 uos
239 2646 362 2701 oderunt
378 2658 404 2701 et
421 2645 564 2701 orandum
578 2664 635 2720 pro
652 2646 757 2720 eisqui
773 2664 824 2701 uos
836 2657 1039 2719 persecuntur,
1056 2657 1087 2701 m
1099 2664 1157 2721 pra

172 2732 342 2806 quibusdam
366 2734 456 2789 eciam
478 2733 616 2806 fratrum
641 2734 769 2807 peccatis
799 2732 984 2809 intelligatur
1012 2751 1068 2788 nau
1096 2751 1158 2788 esse

168 2830 337 2896 preceptum
363 2832 392 2875 ul
416 2838 541 2890 oremus,
566 2839 600 2876 ue
618 2838 675 2896 per
697 2820 878 2896 impericiam
903 2831 1033 2875 nostrum
1058 2820 1156 2875 diuina

129 2908 318 2981 riseriptura
342 2907 515 2984 (ptrodfieri
536 2926 592 2963 nou
610 2908 719 2982 potest)
743 2926 759 2961 a
783 2926 814 2962 se
837 2906 990 2963 dissentire
1013 2907 1155 2963 rideatur.

215 2994 274 3050 Sed
297 3004 393 3050 utrum
417 2995 491 3050 sicul
510 3012 569 3070 pru
592 2995 762 3069 quibusdam
786 3013 841 3049 uou
865 3005 906 3049 est
930 2994 1084 3064 orandum,
1117 2994 1265 3048 itaWeare
1280 3009 1320 3044 nor
1335 3002 1373 3046 bid

172 3081 261 3137 eciaur
287 3093 387 3137 contra
420 3082 534 3155 aliquos
562 3083 705 3137 orandum
734 3082 781 3152 sit,
816 3100 872 3137 nan
905 3081 978 3137 satis
1008 3081 1156 3157 apparuit.
1176 3053 1374 3150 ¹ssuffsseypffifsifl'

175 3169 360 3225 Generaliter
382 3169 457 3224 eninr
483 3169 590 3224 dietum
615 3180 672 3224 est:
704 3168 870 3224 Benedicite
897 3179 924 3223 et
952 3168 1039 3224 nolite
1067 3168 1155 3223 male·
1191 3158 1353 3267 Pmymfflylf'i'sss

171 3257 277 3322 dicere,
301 3268 327 3311 et
351 3255 439 3311 illud:
464 3255 580 3311 Nemini
602 3256 711 3311 rnulum
729 3255 886 3329 promulo
911 3256 1071 3310 reddentes.
1097 3255 1156 3310 Pro

130 3351 226 3418 's'oqua
249 3355 345 3399 autem
370 3361 425 3399 mm
449 3361 529 3405 oras,
553 3361 608 3398 uun
632 3343 722 3398 eciam
748 3354 849 3398 contra
866 3342 946 3397 illum
965 3361 1042 3397 oras.
1070 3342 1156 3397 Putes

171 3431 245 3485 enim
276 3430 376 3486 ridere
408 3442 517 3486 certam
541 3430 601 3486 eius
625 3448 730 3504 penam
760 3441 786 3485 et
811 3429 926 3504 penitus
955 3429 1076 3485 saltuem
1107 3429 1155 3483 de-

171 3529 331 3593 speratam,
354 3528 380 3572 et
401 3535 456 3573 non
471 3518 539 3592 quia
557 3517 645 3572 odisti
660 3535 733 3582 euni,
757 3516 821 3571 ideo
842 3534 899 3592 pru
923 3516 973 3570 illo
997 3534 1052 3571 nou
1077 3533 1156 3581 urar,

170 3605 222 3659 sed
245 3605 310 3679 quia
334 3604 423 3660 sentis
445 3616 472 3659 te
495 3604 567 3659 nihil
579 3621 667 3679 posse
680 3604 824 3679 proficere
848 3614 873 3658 et
895 3603 1059 3659 oracionem
1076 3613 1155 3658 laram

172 3710 225 3747 non
251 3693 293 3747 ris
317 3691 421 3765 repelli
443 3711 460 3746 a
484 3690 641 3747 iustissimo
664 3690 767 3748 iudice.
803 3692 861 3746 Sed
883 3690 953 3764 quid
979 3690 1098 3767 agimus
1122 3690 1157 3744 de

128 3779 227 3834 sfiliis
259 3789 360 3834 contra
393 3796 463 3853 quos
496 3789 611 3833 oratum
645 3798 662 3833 a
693 3779 800 3833 sanctis
832 3777 1004 3852 accepimus,
1037 3795 1092 3832 non
1126 3787 1156 3830 ut

171 3866 417 3944 corrigeremur?
449 3884 514 3920 tram
546 3865 600 3921 hoc
628 3867 714 3921 modo
734 3864 838 3940 pocius
857 3882 915 3938 pro
943 3864 1014 3938 ipsis
1040 3874 1155 3918 oratum

170 3964 212 4008 est
227 3954 279 4009 sed
299 3952 339 4008 ad
358 3952 439 4008 illam
463 3952 593 4008 ultimam
619 3952 867 4028 dampnacionem,
891 3969 947 4007 uon
962 3950 1035 4007 sicut
1055 3961 1155 4007 contra

177 4165 180 4170 ⁸
228 4189 548 4242 i.5.hiritiiui·g.:1.·.’.y.
603 4187 964 4243 ao.slinntarg.:.lugusu'nur.
1019 4186 1154 4230 aicadri:

169 4254 215 4285 nou
231 4242 301 4285 deest.
317 4241 411 4284 Addidi.
467 4241 502 4284 ab.
518 4244 551 4283 A:
566 4239 701 4295 quibusdam
715 4240 788 4283 eciam
795 4238 907 4296 fratrem.

224 4348 264 4381 20.
284 4334 309 4381 S.
328 4333 467 4397 Augustini
487 4332 526 4380 ne
545 4347 667 4380 sermone
687 4330 792 4380 Domini
812 4331 838 4379 in
857 4340 955 4388 monte,
976 4331 992 4378 l.
1011 4345 1032 4378 c.
1052 4346 1076 4394 p.
1100 4328 1154 4396 198.

173 4406 212 4451 rh.
232 4403 309 4453 Rom.
328 4403 383 4464 Xll,
406 4419 443 4465 14·
516 4416 556 4469 an.
576 4402 609 4450 ih.
634 4417 671 4466 ¹7·
744 4402 783 4453 Ilo.
804 4400 821 4449 1.
840 4400 907 4450 Petri
928 4399 968 4460 ΙΙΙ,
988 4420 1010 4465 g.

1023 4502 1051 4537 ra
