3082 5138
245 493 311 536 esu.
327 480 400 563 utu]
432 506 434 511 ·
604 497 764 547 SECUNDA
785 497 880 546 PARS.

246 658 310 712 Hoc
339 658 413 712 enim
439 670 517 714 recte
539 658 697 733 accipimus
721 669 806 733 caput
830 658 908 731 quod
931 657 958 711 in
983 657 1098 713 liarniue
1120 658 1182 713 siue
1205 659 1231 713 in

246 745 342 799 ultima
362 746 526 820 proeminet
551 757 577 800 et
602 763 656 818 quo
681 756 776 800 cetera
801 745 924 799 liorrtinis
941 744 1007 821 regi
1028 757 1053 800 et
1069 745 1235 821 gubernari

246 832 431 906 manifestum
457 844 505 887 cst.
532 832 570 887 Et
595 832 648 887 lioc
657 832 737 907 facit
753 832 801 907 qui
823 832 971 906 succisoris
987 832 1080 906 querit
1097 831 1231 903 leticiam,

246 931 275 974 ut
304 920 496 974 delentibus
527 920 672 974 lumninum
702 917 864 976 carnaliter
886 920 1024 996 gattcleat.
1055 919 1133 974 Caro
1156 919 1231 974 euim

221 1008 299 1079 fique
326 1006 451 1062 subiecta
482 1024 543 1062 esse
575 1006 666 1077 debet,
695 1007 774 1062 utdlo
804 1007 890 1062 ruodo
919 1018 961 1062 est
989 1006 1081 1061 tocius
1109 1006 1234 1061 liumane

245 1105 330 1168 caput
359 1104 471 1149 nature.
506 1095 598 1149 Nemo
623 1094 736 1168 quidem
766 1112 889 1169 unquam
919 1112 1036 1160 carnem
1060 1113 1142 1149 suam
1166 1093 1232 1149 odio

245 1180 352 1247 liabuit,
385 1181 458 1236 sicut
490 1180 559 1236 dicit
590 1182 757 1256 Apostolus,
790 1199 853 1236 cum
888 1180 923 1236 de
956 1198 1050 1236 uxore
1082 1181 1231 1258 diligenda

242 1267 382 1343 precipit:
419 1269 471 1323 sed
508 1281 594 1343 caput
631 1268 762 1324 rriitlieris
801 1268 856 1331 nir,
895 1268 942 1323 cni
980 1268 1042 1324 uiro
1071 1280 1157 1343 caput
1190 1280 1232 1324 est

248 1355 391 1409 Clmistus.
429 1355 553 1410 Interius
581 1373 655 1432 ergo
681 1354 812 1431 gaudeat
838 1355 866 1409 in
890 1355 993 1410 ieiunio
1017 1374 1079 1426 suo,
1112 1374 1145 1410 eo
1168 1356 1231 1430 ipso

206 1442 284 1496 sosic
308 1442 460 1497 ieimmnlo
483 1442 588 1498 auertit
612 1461 643 1498 se
665 1462 681 1496 a
701 1442 848 1516 uoluptate
869 1442 968 1511 seculi,
992 1453 1022 1498 ut
1043 1443 1079 1497 sit
1099 1442 1232 1499 subtutus

248 1528 365 1584 lllnisto
403 1530 452 1603 quii
489 1530 647 1585 secuudum
691 1531 745 1584 hoc
779 1540 949 1604 preceptum
989 1542 1075 1605 capnt
1113 1541 1230 1585 unctum

245 1616 351 1671 liabere
375 1617 530 1672 desiderat.
557 1618 599 1672 lta
623 1617 696 1672 euim
722 1628 749 1671 ct
765 1616 878 1690 faciem
904 1616 1021 1689 lavabit,
1050 1616 1080 1671 ia
1103 1629 1155 1683 est,
1179 1635 1232 1673 cor

245 1703 403 1775 rriitndabit,
427 1722 481 1778 quo
500 1704 616 1760 uisurus
639 1715 681 1759 est
698 1704 793 1758 Deum
818 1722 873 1759 mm
898 1704 1066 1780 interposito
1091 1705 1232 1761 uelamine

244 1791 366 1846 alicuius
383 1792 484 1847 strnlrre
499 1791 679 1866 impedientis
691 1803 817 1866 propter
833 1790 1029 1866 infirmitatem
1051 1804 1229 1847 contractam

206 1879 280 1931 side
306 1878 451 1949 sordibus,
480 1880 532 1934 secl
546 1878 658 1954 firmus
686 1890 711 1933 et
739 1877 862 1950 stabilis,
890 1878 1023 1952 quioniam
1053 1880 1177 1934 rriinulus
1205 1889 1230 1933 et

244 1964 378 2039 simplex.
404 1965 567 2036 Laramini,
588 1966 688 2041 inquit,
709 1965 810 2020 rrztnuli
824 1977 920 2035 estote,
937 1966 1053 2040 auferte
1069 1966 1231 2039 im'quitates

244 2064 270 2106 et
303 2052 447 2126 nequicias
480 2054 515 2108 ab
542 2053 646 2108 animis
676 2051 779 2108 restris
803 2065 829 2108 et
857 2071 874 2107 a
903 2063 1054 2127 conspectu
1079 2054 1230 2108 oculorum

246 2158 384 2194 nieorum.
410 2141 452 2194 At>
477 2141 521 2195 tn's
544 2140 637 2217 igitur
652 2139 788 2195 sordibus
809 2139 935 2194 lavanda
959 2139 1107 2214 cstsncies
1131 2151 1230 2196 nostra

245 2227 345 2299 attilus·
370 2227 426 2283 ltei
447 2228 601 2303 nulspectus
625 2227 789 2302 offenditur.
815 2227 877 2282 Nos
892 2238 987 2282 autem
1010 2227 1138 2282 revelata
1147 2227 1232 2301 jacie

203 2314 373 2390 englnriam
414 2314 535 2369 Domini
572 2314 630 2370 Dei
666 2315 761 2370 nostri
801 2315 983 2390 speculantes
1027 2315 1054 2368 in
1097 2315 1228 2370 earrtdem

245 2401 401 2475 imaginem
425 2401 716 2476 transsorrnabinutr.

288 2491 361 2563 Sepe
394 2489 479 2544 etiam
513 2489 655 2566 cogitacio
685 2507 784 2544 rerum
814 2489 1046 2544 rrece.ssariartuu
1075 2489 1115 2543 ad
1142 2489 1226 2544 istam
1259 2497 1370 2552 Ttsougtn
1387 2505 1414 2541 un

245 2577 330 2629 uitnm
353 2576 563 2650 pertinencium
587 2577 707 2644 sauciat,
735 2576 879 2652 sordidat,
907 2587 1069 2652 aggravat,
1092 2576 1226 2641 solicitat,
1237 2562 1414 2646 Ἥῃῖζζζᾞζᾞ

243 2676 360 2717 eucecut
393 2664 505 2718 oculum
542 2675 673 2718 riostrum
706 2663 874 2719 interiorem
904 2674 930 2718 et
955 2663 1129 2738 plerumque
1160 2682 1226 2718 con-
1258 2656 1379 2759 ssffffgggffj
1393 2658 1414 2751 {J}

202 2751 383 2823 25tzept1'cat,
407 2762 436 2805 ut
461 2769 494 2805 ea
518 2768 571 2825 que
595 2750 728 2806 uidentur
751 2769 815 2805 cum
840 2750 1000 2806 lunninibus
1025 2750 1227 2823 rectesacere,
1299 2761 1386 2802 others.

244 2856 298 2890 rum
331 2856 363 2892 en
396 2839 485 2892 corde
510 2838 663 2911 jaciamus
693 2857 749 2913 qrto
779 2838 923 2893 Dominus
951 2838 1086 2913 precipit,
1120 2838 1150 2892 it
1177 2847 1229 2899 est,

243 2925 308 2997 qnia
333 2943 384 2978 uns
408 2943 456 2979 ens
485 2925 645 2999 diligimus,
673 2926 725 2981 sed
748 2925 813 2999 quia
843 2925 1024 2980 corrunodum
1054 2926 1089 2980 ab
1113 2925 1153 2979 eis
1176 2925 1229 2978 ali-

243 3012 321 3084 ouml
343 3023 467 3085 propter
491 3014 688 3067 necessitatem
706 3012 761 3068 nite
773 3013 918 3088 presentis
941 3012 1065 3087 asclipisci
1088 3012 1227 3066 nolmnus.

245 3099 389 3153 ltebcums
413 3110 507 3153 autem
532 3100 703 3173 benefacere
727 3100 784 3154 illis
804 3111 930 3175 propter
951 3100 1074 3155 saluum
1099 3099 1229 3173 ipsorum

202 3191 385 3249 Luseternam,
418 3204 472 3240 utm
502 3198 628 3261 propter
666 3188 828 3261 temporale
865 3187 1047 3241 counnndum
1088 3197 1228 3241 ruustrum.

247 3274 360 3328 luclinct
395 3273 487 3349 igitur
519 3291 571 3328 cor
603 3286 733 3329 nentrum
765 3274 844 3328 llcus
876 3275 903 3327 iu
933 3274 1094 3329 testimonia
1123 3292 1175 3328 sua
1204 3285 1231 3328 et

244 3379 298 3414 num
331 3360 358 3414 in
398 3361 620 3415 eustolumentum
657 3380 770 3416 vamum.
809 3360 890 3416 Finis
922 3362 995 3416 eslim
1025 3361 1157 3435 precepti
1190 3373 1231 3416 est

244 3447 353 3501 coritas
370 3448 404 3502 tle
420 3449 510 3503 turrile
523 3466 600 3522 puro
620 3459 646 3502 et
668 3448 843 3504 corisciencia
864 3449 937 3503 borsa
958 3460 984 3503 et
996 3448 1062 3524 jide
1080 3468 1135 3503 mm
1144 3447 1228 3524 ficta.

249 3535 306 3600 Qni
327 3546 421 3589 <utitem
442 3546 569 3610 propter
595 3554 676 3590 sitam
702 3536 737 3590 ule
760 3536 815 3590 ltac
840 3535 896 3589 uita
920 3536 1114 3591 necessitatem
1131 3535 1232 3608 fratri

201 3623 231 3672 35
244 3622 375 3683 cumsulit.
399 3642 454 3676 mm
479 3622 574 3695 utique
589 3641 627 3677 es·
643 3622 766 3677 caritate
781 3622 912 3690 consulit,
933 3623 999 3697 qitia
1017 3641 1071 3677 mm
1089 3623 1133 3677 illi
1147 3640 1229 3695 qttem

249 3710 328 3763 ,lebet
360 3721 505 3784 tamquam
534 3728 564 3763 se
588 3709 680 3783 ipsum
710 3709 842 3785 diligere,
871 3710 923 3764 sed
945 3710 999 3764 sibi
1026 3710 1156 3776 consulit,
1186 3710 1232 3763 uel

242 3796 342 3869 pocius
364 3815 414 3852 nec
437 3797 504 3851 siti:
529 3797 760 3870 attandoquideut
785 3797 849 3851 liinc
872 3796 927 3851 sibi
942 3797 1022 3870 facit
1044 3816 1096 3851 cor
1120 3796 1231 3870 diapleu·

243 3902 297 3957 quio
322 3883 478 3957 impeditur
507 3884 546 3937 aul
571 3882 664 3939 Deum
691 3884 859 3939 uidendum:
894 3884 921 3938 in
949 3903 1005 3959 qua
1033 3885 1095 3938 sola
1121 3882 1231 3938 nisione

243 3983 284 4024 est
308 3982 387 4026 certa
412 3971 556 4025 beatitudo
579 3983 663 4045 atque
683 3982 836 4047 perpetua.
863 3973 924 4026 llcc
948 3970 1142 4042 Augustinus.

296 4219 327 4248 ue.
346 4208 480 4261 tuimet.
538 4205 831 4261 u'i.Azauururatdcest.
886 4206 1042 4249 25.lt:r·ectu.
1107 4205 1228 4248 immua-

243 4273 295 4301 num
311 4261 382 4300 duest.
437 4258 470 4301 35.
486 4263 504 4300 Α
514 4274 518 4299 :
528 4258 647 4313 suun-em:
662 4261 692 4301 sb.
709 4259 797 4302 cndu:
812 4272 857 4300 nou
873 4260 952 4313 utiquc
966 4259 1065 4300 consulit
1079 4260 1149 4300 deust.

295 4383 319 4429 7.
344 4367 410 4430 llpls.
430 4368 460 4426 V,
487 4382 525 4431 an.
636 4365 660 4414 ΙΙ.
685 4368 713 4415 ΙΙ.
739 4367 799 4416 Cor.
822 4367 864 4427 xl,
889 4368 912 4417 3.
1027 4365 1065 4416 16.
1088 4367 1120 4415 ts.
1146 4367 1163 4427 Ι,
1191 4365 1230 4416 ui.

248 4453 284 4503 ¹9·
306 4438 334 4485 ll.
354 4439 415 4485 Cor.
435 4437 475 4498 ΙΙΙ,
499 4436 536 4485 18.
