3082 5138
687 484 777 535 0?th
795 483 1046 536 Evns'GEttctn
1172 469 1256 552 [cae.
1271 481 1356 526 xxiv.

376 648 430 702 erit
458 647 586 700 ltu-idum
616 658 718 713 tntum,
751 645 823 718 quia
851 645 924 700 nulli
955 645 1080 701 dubium
1105 647 1176 720 quin
1201 648 1239 702 sit
1263 647 1359 702 idem:

377 753 487 806 corpus
503 747 588 788 tuum
613 747 710 787 totum
736 732 869 787 lucidum
896 733 952 787 erit
975 747 1004 788 et
1027 733 1082 788 erit
1100 735 1232 789 lucidum
1250 749 1359 789 toturn.

377 823 539 889 Quomodo
562 838 635 891 ergo
658 839 719 875 non
743 834 811 875 sunt
837 820 892 874 ista
915 822 1005 875 verba
1029 821 1199 893 supertlua?
1227 823 1287 876 Sed
1312 821 1360 875 hic

377 908 496 963 ridetur
519 907 584 962 sine
608 907 813 979 repugnancia
836 905 961 961 alterius
988 925 1093 962 sensus
1121 908 1205 980 prius
1233 907 1359 980 expositi

377 997 459 1069 quod
484 996 566 1049 salvo
591 994 707 1049 meliori
734 993 846 1049 iudicio
862 996 953 1048 rerba
974 994 1031 1049 ista
1046 994 1220 1067 evangelica
1237 998 1385 1068 possent}

379 1085 489 1137 habere
505 1081 594 1136 istum
613 1100 734 1136 sensum
752 1080 936 1136 catholicum
953 1085 1034 1154 quod
1053 1082 1152 1154 primo
1173 1082 1360 1154 intelligatur

379 1187 432 1243 per
455 1187 565 1242 corpus
582 1168 716 1224 lucidum
734 1183 796 1223 tota
815 1167 994 1224 universitas
1009 1188 1135 1242 operum
1152 1168 1358 1242 corporalium

377 1276 395 1312 a
423 1274 550 1330 corpore
579 1256 812 1328 procedencium
842 1268 870 1310 et
899 1257 981 1328 quod
1010 1258 1142 1312 secundo
1174 1255 1361 1328 intelligatur

378 1362 431 1417 per
455 1361 565 1416 corpus
588 1356 685 1398 totum
711 1361 821 1416 corpus
845 1341 975 1398 hominis
999 1342 1046 1397 cui
1070 1342 1174 1398 anima
1189 1344 1358 1416 copulatur.

378 1434 420 1486 lta
444 1432 525 1503 quod
550 1430 605 1485 iste
628 1429 666 1484 sit
690 1448 809 1485 sensus:
843 1427 873 1484 Si
902 1442 965 1485 tota
995 1429 1156 1485 multitudo
1184 1448 1310 1503 operum
1341 1448 1405 1483 aro

377 1536 506 1590 corpore
529 1532 582 1572 tuo
599 1516 833 1591 procedencium
859 1516 1031 1571 intencione
1055 1530 1136 1572 recta
1160 1516 1249 1572 fuerit
1274 1535 1360 1589 regu-

377 1606 448 1673 lata,
473 1617 545 1660 tunc
570 1622 680 1677 corpus
704 1618 787 1659 tuum
814 1602 862 1658 cui
886 1603 988 1658 anima
1012 1605 1172 1678 copulatur
1197 1603 1252 1659 erit
1277 1618 1360 1658 recta

378 1690 550 1748 intencione
573 1704 602 1747 et
626 1690 728 1764 gracia
745 1691 930 1763 regulatum;
954 1705 982 1745 et
999 1689 1075 1746 sicut
1091 1691 1212 1746 lucerna
1236 1689 1361 1763 fulgoris

378 1777 561 1834 illuminabit
585 1791 624 1848 te,
648 1777 719 1850 quia
738 1792 809 1834 tunc
826 1795 936 1850 corpus
952 1790 1037 1832 tuum
1054 1777 1120 1835 erit.
1145 1777 1222 1832 sicut
1238 1779 1362 1833 lucerna

378 1867 491 1920 habens
507 1864 646 1938 spiritum
665 1878 749 1920 tuum
768 1864 943 1920 existentem
961 1864 991 1919 in
1008 1864 1120 1938 gracia,
1137 1879 1234 1919 totum
1252 1883 1361 1938 corpus
1377 1866 1405 1915 15

379 1967 464 2008 tuum
481 1952 512 2007 in
529 1952 576 2007 ria
595 1966 675 2007 recta
692 1954 729 2008 ad
748 1950 877 2024 patriam
896 1951 1106 2007 illustrantem.
1132 1950 1263 2025 Spiritus
1281 1951 1360 2007 enim

377 2040 424 2095 rel
448 2043 540 2095 homo
564 2039 689 2095 interior
713 2038 881 2095 illustratus
898 2057 952 2113 per
972 2038 1104 2111 graciam
1130 2052 1175 2093 est
1198 2039 1274 2094 sicut
1292 2057 1361 2094 can·

378 2128 445 2182 dela
470 2144 529 2198 que
552 2125 729 2182 accenditur
753 2125 783 2181 in
807 2127 941 2196 lucerna,
971 2140 1000 2181 et
1023 2140 1095 2181 tunc
1120 2128 1212 2181 homo
1236 2125 1363 2181 interior

378 2213 430 2286 qui
460 2226 504 2268 est
533 2226 597 2268 tota
624 2226 732 2269 nature
761 2215 892 2268 humane
921 2212 1120 2286 personalitas
1150 2226 1248 2286 potest
1283 2226 1363 2268 recte

378 2300 460 2356 viare
493 2302 530 2355 ad
563 2299 703 2374 patriam,
739 2300 808 2355 licet
835 2313 898 2355 tota
930 2299 1134 2355 communitas
1163 2300 1364 2372 circumsepta
1376 2324 1409 2356 πο

379 2386 467 2444 t'uerit
492 2387 671 2443 criminibus
695 2389 861 2443 tenebrata.

423 2474 566 2548 Sequitur
590 2474 619 2529 in
644 2486 725 2530 textu
750 2473 909 2546 evangelii:
945 2474 1037 2528 Nemo
1056 2485 1154 2549 potest
1178 2475 1290 2528 duobus
1313 2474 1365 2527 du-

380 2563 464 2618 minis
490 2562 618 2618 serrire:
650 2573 699 2616 aut
734 2561 808 2616 enim
838 2579 924 2615 unum
953 2561 1019 2616 odio
1044 2560 1157 2615 lrabebit
1185 2571 1212 2615 et
1239 2561 1364 2615 alterum

379 2650 492 2724 diliger,
515 2661 566 2704 ant
589 2667 675 2703 unum
699 2648 848 2703 sustinebit
871 2660 898 2703 et
920 2648 1046 2703 alterurn
1074 2658 1265 2723 contempnet.
1300 2647 1366 2702 Non

376 2736 499 2812 potestis
522 2736 586 2791 Ileo
609 2736 723 2790 servire
746 2746 773 2789 et
797 2753 969 2790 mannnone.
1005 2734 1072 2789 Ideo
1101 2735 1166 2790 dico
1195 2735 1289 2789 initis.-
1322 2734 1409 2789 Nem

378 2822 497 2878 solliciti
517 2823 580 2878 sitis
603 2823 698 2877 anime
722 2834 816 2877 vestre
839 2823 908 2895 qnid
932 2822 1111 2877 manducetis
1133 2839 1222 2895 neque
1247 2821 1367 2896 corpori

381 2922 477 2965 vestro
509 2909 578 2983 qnid
610 2909 779 2967 induamini.
824 2909 928 2964 Nonne
959 2909 1056 2963 anima
1095 2920 1192 2963 restra
1222 2908 1290 2982 plns
1324 2919 1365 2962 est

380 3015 465 3070 qumn
490 3014 555 3052 esca
579 3008 606 3050 et
629 3014 736 3071 corpus
755 2997 825 3071 plns
851 3015 936 3071 qnam
967 2995 1191 3051 uestimentum?
1222 2995 1367 3070 Respieite

382 3083 514 3139 volatilia
538 3083 601 3149 celi,
629 3083 763 3158 qnoniam
797 3102 853 3138 non
884 3094 985 3139 serunt
1018 3100 1106 3156 neque
1138 3093 1246 3137 metunt
1279 3100 1368 3156 neque

382 3182 567 3247 congregant
589 3171 753 3240 inhorreo,
776 3181 802 3225 et
826 3171 917 3225 Pater
940 3181 1037 3225 nester
1059 3169 1172 3225 celestis
1184 3169 1280 3245 poscit
1303 3169 1366 3222 itta.
1379 3179 1412 3225 30

383 3259 485 3314 Nonne
509 3276 560 3314 vos
583 3258 680 3334 magis
699 3258 797 3332 pluris
819 3258 887 3313 estis
909 3257 990 3313 illis?

197 3374 339 3425 mmm..
427 3347 525 3418 Super
547 3363 608 3417 quo
631 3343 830 3417 Augustinus:
864 3345 951 3411 Quod
974 3354 1069 3398 antem
1094 3344 1224 3417 sequitur
1240 3355 1266 3398 et
1283 3343 1368 3398 dicit:

210 3444 322 3486 tuem-0
385 3433 476 3487 Nemo
508 3444 605 3506 potest
637 3433 748 3486 duobus
780 3431 902 3487 dominis
939 3431 1061 3501 servire,
1093 3431 1134 3484 ud
1165 3432 1239 3485 lmnc
1273 3431 1366 3505 ipsam

183 3494 356 3591 ’ἙῙᾸᾞᾸΜΟΠἿΛ
384 3519 570 3574 intencionem
604 3519 793 3593 referendum
826 3530 868 3574 est
900 3518 976 3593 quod
1007 3529 1212 3591 consequenter
1249 3517 1368 3593 eapnnit

384 3607 497 3661 dicens:
531 3606 588 3661 Ant
615 3607 689 3661 eninr
713 3625 799 3661 nmun
824 3606 890 3660 odio
914 3605 1028 3660 habebit
1051 3617 1078 3660 et
1101 3604 1226 3660 alterum
1255 3604 1412 3680 attigeras

384 3706 432 3749 aut
456 3694 582 3748 alterurn
603 3693 737 3768 pacietur
759 3706 785 3748 et
809 3694 935 3748 alterum
960 3703 1150 3766 contempnet.
1188 3693 1250 3759 Qne
1280 3692 1367 3746 rerba

384 3781 543 3855 diligenter
570 3793 635 3835 sunt
659 3781 889 3847 considerandu,·
923 3799 989 3834 num
1020 3780 1068 3854 qni
1089 3779 1145 3836 sint
1175 3779 1231 3832 dim
1259 3778 1371 3834 domini

384 3868 477 3924 derueo
505 3869 640 3940 ostendit,
668 3887 731 3924 cnm
757 3868 840 3924 dicit:
873 3867 939 3923 Non
964 3867 1086 3942 potestis
1110 3867 1173 3921 Deo
1202 3866 1315 3921 servire
1343 3875 1368 3919 et

436 4140 456 4183 l.
471 4143 492 4183 A
508 4141 529 4183 in
546 4151 631 4193 mura:
647 4139 784 4193 Responsio.
863 4139 885 4178 8.
900 4140 933 4179 A:
949 4142 971 4179 et
985 4138 1048 4192 qnod
1062 4137 1138 4183 deest:
1159 4137 1191 4179 ib.
1207 4139 1227 4179 A
1243 4138 1264 4179 in
1281 4149 1369 4189 marg:

386 4193 475 4248 Corpus
489 4192 621 4247 dupliciter.
698 4203 732 4232 20.
749 4192 770 4232 A
785 4190 807 4231 in
824 4202 909 4242 marra:
925 4189 1008 4231 Anima
1023 4195 1058 4231 est
1068 4202 1181 4244 persona.
1258 4190 1290 4232 32.
1311 4193 1331 4231 A
1347 4191 1370 4231 in

385 4258 471 4297 mares
487 4245 639 4299 Augustinus.
693 4241 729 4284 36.
744 4245 777 4284 A:
795 4244 846 4297 Qun
861 4243 939 4284 rerba.
995 4240 1027 4294 37.
1044 4244 1077 4284 A:
1092 4242 1207 4296 quisunt.

386 4424 393 4470 l
439 4368 477 4401 22.
498 4352 586 4401 Matth.
606 4352 648 4412 vt,
669 4349 779 4413 24-26.
853 4352 892 4402 3².
912 4351 950 4400 De
969 4366 1091 4399 sermone
1105 4351 1211 4399 Domini
1232 4351 1256 4398 in
1271 4360 1371 4410 monte,

397 4461 401 4470 .
422 4439 444 4471 c.
463 4439 487 4487 p.
511 4437 569 4489 ²¹¹)-
