<?xml version="1.0" encoding="UTF-8"?>
<!DOCTYPE html PUBLIC "-//W3C//DTD XHTML 1.0 Transitional//EN"
    "http://www.w3.org/TR/xhtml1/DTD/xhtml1-transitional.dtd">
<html xmlns="http://www.w3.org/1999/xhtml" xml:lang="en" lang="en">
 <head>
  <title>
</title>
<meta http-equiv="Content-Type" content="text/html;charset=utf-8" />
  <meta name='ocr-system' content='tesseract 3.04.00' />
  <meta name='ocr-capabilities' content='ocr_page ocr_carea ocr_par ocr_line ocrx_word'/>
</head>
<body>
  <div class='ocr_page' id='page_1' title='image "./iohanniswyclifo00wyclgoog_0321.png"; bbox 0 0 3082 5138; ppageno 0'>
   <div class='ocr_carea' id='block_1_1' title="bbox 172 1428 353 1679">
    <p class='ocr_par' dir='ltr' id='par_1_1' title="bbox 172 1428 353 1679">
     <span class='ocr_line' id='line_1_1' title="bbox 176 1428 350 1480; baseline -0.006 -11"><span class='ocrx_word' id='word_1_1' title='bbox 176 1429 214 1469; x_wconf 85' lang='grc' dir='ltr'><em>ΑΙΙ</em></span> <span class='ocrx_word' id='word_1_2' title='bbox 229 1428 289 1480; x_wconf 72' lang='lat' dir='ltr'><em>good</em></span> <span class='ocrx_word' id='word_1_3' title='bbox 306 1430 350 1468; x_wconf 80' lang='lat' dir='ltr'><em>and</em></span> 
     </span>
     <span class='ocr_line' id='line_1_2' title="bbox 172 1482 353 1531; baseline 0.006 -11"><span class='ocrx_word' id='word_1_4' title='bbox 172 1482 201 1521; x_wconf 77' lang='lat' dir='ltr'><em>ati</em></span> <span class='ocrx_word' id='word_1_5' title='bbox 217 1482 260 1521; x_wconf 79' lang='lat' dir='ltr'><em>esu</em></span> <span class='ocrx_word' id='word_1_6' title='bbox 276 1482 353 1531; x_wconf 69' lang='lat' dir='ltr'><em>thing-</em></span> 
     </span>
     <span class='ocr_line' id='line_1_3' title="bbox 217 1532 313 1585; baseline -0.01 -11"><span class='ocrx_word' id='word_1_7' title='bbox 217 1545 270 1585; x_wconf 77' lang='lat' dir='ltr'><em>may</em></span> <span class='ocrx_word' id='word_1_8' title='bbox 286 1532 313 1573; x_wconf 82' lang='lat' dir='ltr'><em>be</em></span> 
     </span>
     <span class='ocr_line' id='line_1_4' title="bbox 190 1585 338 1638; baseline 0.014 -13"><span class='ocrx_word' id='word_1_9' title='bbox 190 1585 296 1638; x_wconf 81' lang='lat' dir='ltr'><em>spiritual</em></span> <span class='ocrx_word' id='word_1_10' title='bbox 311 1597 338 1627; x_wconf 85' lang='lat' dir='ltr'><em>or</em></span> 
     </span>
     <span class='ocr_line' id='line_1_5' title="bbox 220 1638 307 1679; baseline 0 -1"><span class='ocrx_word' id='word_1_11' title='bbox 220 1638 307 1679; x_wconf 75' lang='lat' dir='ltr'><em>carnal.</em></span> 
     </span>
    </p>
   </div>
   <div class='ocr_carea' id='block_1_2' title="bbox 683 454 1366 539">
    <p class='ocr_par' dir='ltr' id='par_1_2' title="bbox 683 454 1366 539">
     <span class='ocr_line' id='line_1_6' title="bbox 683 454 1366 539; baseline -0.012 -20"><span class='ocrx_word' id='word_1_12' title='bbox 683 471 773 520; x_wconf 77' lang='lat' dir='ltr'><em>oeus</em></span> <span class='ocrx_word' id='word_1_13' title='bbox 792 471 1043 521; x_wconf 72' lang='lat' dir='ltr'><em>esssoetscuu</em></span> <span class='ocrx_word' id='word_1_14' title='bbox 1207 454 1289 539; x_wconf 71' lang='lat' dir='ltr'><em>[ese.</em></span> <span class='ocrx_word' id='word_1_15' title='bbox 1304 470 1366 513; x_wconf 78' lang='lat' dir='ltr'><em>xxi.</em></span> 
     </span>
    </p>
   </div>
   <div class='ocr_carea' id='block_1_3' title="bbox 372 633 1466 4104">
    <p class='ocr_par' dir='ltr' id='par_1_3' title="bbox 372 633 1466 3322">
     <span class='ocr_line' id='line_1_7' title="bbox 378 633 1369 709; baseline 0.005 -24"><span class='ocrx_word' id='word_1_16' title='bbox 378 633 453 686; x_wconf 88' lang='lat' dir='ltr'><em>unde</em></span> <span class='ocrx_word' id='word_1_17' title='bbox 481 643 576 706; x_wconf 78' lang='lat' dir='ltr'><em>speret</em></span> <span class='ocrx_word' id='word_1_18' title='bbox 605 644 630 686; x_wconf 89' lang='lat' dir='ltr'><em>et</em></span> <span class='ocrx_word' id='word_1_19' title='bbox 658 633 804 707; x_wconf 69' lang='lat' dir='ltr'><em>gaudeat:</em></span> <span class='ocrx_word' id='word_1_20' title='bbox 835 633 886 686; x_wconf 87' lang='lat' dir='ltr'><em>sed</em></span> <span class='ocrx_word' id='word_1_21' title='bbox 913 646 954 687; x_wconf 89' lang='lat' dir='ltr'><em>est</em></span> <span class='ocrx_word' id='word_1_22' title='bbox 983 634 1097 687; x_wconf 84' lang='lat' dir='ltr'><em>aniruus</em></span> <span class='ocrx_word' id='word_1_23' title='bbox 1124 634 1183 688; x_wconf 89' lang='lat' dir='ltr'><em>eius</em></span> <span class='ocrx_word' id='word_1_24' title='bbox 1207 635 1369 709; x_wconf 87' lang='lat' dir='ltr'><em>desperans</em></span> 
     </span>
     <span class='ocr_line' id='line_1_8' title="bbox 378 719 1368 796; baseline 0.003 -22"><span class='ocrx_word' id='word_1_25' title='bbox 378 730 403 774; x_wconf 89' lang='lat' dir='ltr'><em>et</em></span> <span class='ocrx_word' id='word_1_26' title='bbox 432 720 533 773; x_wconf 86' lang='lat' dir='ltr'><em>tristis.</em></span> <span class='ocrx_word' id='word_1_27' title='bbox 570 719 628 772; x_wconf 93' lang='lat' dir='ltr'><em>lam</em></span> <span class='ocrx_word' id='word_1_28' title='bbox 659 731 754 773; x_wconf 87' lang='lat' dir='ltr'><em>autem</em></span> <span class='ocrx_word' id='word_1_29' title='bbox 784 722 926 792; x_wconf 79' lang='lat' dir='ltr'><em>quomodo</em></span> <span class='ocrx_word' id='word_1_30' title='bbox 957 733 1108 793; x_wconf 83' lang='lat' dir='ltr'><em>peceatum</em></span> <span class='ocrx_word' id='word_1_31' title='bbox 1142 733 1168 774; x_wconf 86' lang='lat' dir='ltr'><em>et</em></span> <span class='ocrx_word' id='word_1_32' title='bbox 1197 723 1368 796; x_wconf 80' lang='lat' dir='ltr'><em>desperacio</em></span> 
     </span>
     <span class='ocr_line' id='line_1_9' title="bbox 374 807 1368 885; baseline 0.002 -24"><span class='ocrx_word' id='word_1_33' title='bbox 374 816 563 881; x_wconf 79' lang='lat' dir='ltr'><em>peccatorum</em></span> <span class='ocrx_word' id='word_1_34' title='bbox 586 807 779 860; x_wconf 73' lang='lat' dir='ltr'><em>exterminent</em></span> <span class='ocrx_word' id='word_1_35' title='bbox 790 807 901 878; x_wconf 82' lang='lat' dir='ltr'><em>faciem</em></span> <span class='ocrx_word' id='word_1_36' title='bbox 924 807 1100 861; x_wconf 79' lang='lat' dir='ltr'><em>consciencie</em></span> <span class='ocrx_word' id='word_1_37' title='bbox 1120 808 1217 861; x_wconf 87' lang='lat' dir='ltr'><em>nullus</em></span> <span class='ocrx_word' id='word_1_38' title='bbox 1238 810 1368 885; x_wconf 69' lang='lat' dir='ltr'><em>ignorat.</em></span> 
     </span>
     <span class='ocr_line' id='line_1_10' title="bbox 380 893 1366 970; baseline 0.002 -22"><span class='ocrx_word' id='word_1_39' title='bbox 380 894 455 948; x_wconf 84' lang='lat' dir='ltr'><em>Nam</em></span> <span class='ocrx_word' id='word_1_40' title='bbox 489 911 603 967; x_wconf 85' lang='lat' dir='ltr'><em>semper</em></span> <span class='ocrx_word' id='word_1_41' title='bbox 636 893 773 947; x_wconf 85' lang='lat' dir='ltr'><em>inclinata</em></span> <span class='ocrx_word' id='word_1_42' title='bbox 805 905 848 947; x_wconf 87' lang='lat' dir='ltr'><em>est</em></span> <span class='ocrx_word' id='word_1_43' title='bbox 875 895 1053 948; x_wconf 73' lang='lat' dir='ltr'><em>consciencia</em></span> <span class='ocrx_word' id='word_1_44' title='bbox 1084 895 1144 949; x_wconf 87' lang='lat' dir='ltr'><em>eius</em></span> <span class='ocrx_word' id='word_1_45' title='bbox 1179 896 1227 968; x_wconf 89' lang='lat' dir='ltr'><em>qui</em></span> <span class='ocrx_word' id='word_1_46' title='bbox 1254 909 1366 970; x_wconf 88' lang='lat' dir='ltr'><em>peccat.</em></span> 
     </span>
     <span class='ocr_line' id='line_1_11' title="bbox 379 981 1393 1058; baseline 0 -25"><span class='ocrx_word' id='word_1_47' title='bbox 379 981 426 1035; x_wconf 80' lang='lat' dir='ltr'><em>Sic</em></span> <span class='ocrx_word' id='word_1_48' title='bbox 459 1000 532 1055; x_wconf 63' lang='lat' dir='ltr'><em>ergo</em></span> <span class='ocrx_word' id='word_1_49' title='bbox 566 998 664 1035; x_wconf 92' lang='lat' dir='ltr'><em>omnes</em></span> <span class='ocrx_word' id='word_1_50' title='bbox 690 981 830 1058; x_wconf 67' lang='lat' dir='ltr'><em>ypocrite</em></span> <span class='ocrx_word' id='word_1_51' title='bbox 869 981 1011 1047; x_wconf 86' lang='lat' dir='ltr'><em>ieiunant;</em></span> <span class='ocrx_word' id='word_1_52' title='bbox 1048 999 1103 1034; x_wconf 88' lang='lat' dir='ltr'><em>non</em></span> <span class='ocrx_word' id='word_1_53' title='bbox 1143 983 1223 1036; x_wconf 90' lang='lat' dir='ltr'><em>bouis</em></span> <span class='ocrx_word' id='word_1_54' title='bbox 1256 984 1393 1038; x_wconf 75' lang='lat' dir='ltr'><em>actibus5</em></span> 
     </span>
     <span class='ocr_line' id='line_1_12' title="bbox 378 1067 1368 1142; baseline 0.002 -19"><span class='ocrx_word' id='word_1_55' title='bbox 378 1067 579 1123; x_wconf 72' lang='lat' dir='ltr'><em>esuitaranns·</em></span> <span class='ocrx_word' id='word_1_56' title='bbox 629 1067 835 1122; x_wconf 87' lang='lat' dir='ltr'><em>conscienciam</em></span> <span class='ocrx_word' id='word_1_57' title='bbox 881 1086 963 1121; x_wconf 88' lang='lat' dir='ltr'><em>suam</em></span> <span class='ocrx_word' id='word_1_58' title='bbox 1010 1068 1037 1121; x_wconf 91' lang='lat' dir='ltr'><em>in</em></span> <span class='ocrx_word' id='word_1_59' title='bbox 1088 1087 1138 1142; x_wconf 90' lang='lat' dir='ltr'><em>spe</em></span> <span class='ocrx_word' id='word_1_60' title='bbox 1183 1071 1235 1124; x_wconf 88' lang='lat' dir='ltr'><em>sed</em></span> <span class='ocrx_word' id='word_1_61' title='bbox 1281 1071 1368 1125; x_wconf 91' lang='lat' dir='ltr'><em>malis</em></span> 
     </span>
     <span class='ocr_line' id='line_1_13' title="bbox 380 1155 1367 1230; baseline 0.005 -24"><span class='ocrx_word' id='word_1_62' title='bbox 380 1155 514 1228; x_wconf 89' lang='lat' dir='ltr'><em>operibus</em></span> <span class='ocrx_word' id='word_1_63' title='bbox 539 1155 741 1209; x_wconf 83' lang='lat' dir='ltr'><em>contristantes</em></span> <span class='ocrx_word' id='word_1_64' title='bbox 764 1156 792 1209; x_wconf 94' lang='lat' dir='ltr'><em>in</em></span> <span class='ocrx_word' id='word_1_65' title='bbox 810 1155 1023 1228; x_wconf 84' lang='lat' dir='ltr'><em>desperacione.</em></span> <span class='ocrx_word' id='word_1_66' title='bbox 1058 1156 1189 1230; x_wconf 74' lang='lat' dir='ltr'><em>ipocrita</em></span> <span class='ocrx_word' id='word_1_67' title='bbox 1211 1168 1307 1211; x_wconf 84' lang='lat' dir='ltr'><em>aulem</em></span> <span class='ocrx_word' id='word_1_68' title='bbox 1324 1169 1367 1213; x_wconf 89' lang='lat' dir='ltr'><em>est</em></span> 
     </span>
     <span class='ocr_line' id='line_1_14' title="bbox 379 1237 1466 1320; baseline 0.005 -26"><span class='ocrx_word' id='word_1_69' title='bbox 379 1243 470 1296; x_wconf 69' lang='lat' dir='ltr'><em>(urinis</em></span> <span class='ocrx_word' id='word_1_70' title='bbox 499 1243 548 1315; x_wconf 89' lang='lat' dir='ltr'><em>qui</em></span> <span class='ocrx_word' id='word_1_71' title='bbox 572 1260 697 1316; x_wconf 87' lang='lat' dir='ltr'><em>peccans</em></span> <span class='ocrx_word' id='word_1_72' title='bbox 725 1242 839 1296; x_wconf 90' lang='lat' dir='ltr'><em>ieiunat.</em></span> <span class='ocrx_word' id='word_1_73' title='bbox 867 1237 871 1317; x_wconf 67' lang='grc' dir='ltr'>ξ</span> <span class='ocrx_word' id='word_1_74' title='bbox 896 1242 975 1308; x_wconf 81' lang='lat' dir='ltr'><em>Quid</em></span> <span class='ocrx_word' id='word_1_75' title='bbox 1003 1254 1044 1296; x_wconf 86' lang='lat' dir='ltr'><em>est</em></span> <span class='ocrx_word' id='word_1_76' title='bbox 1069 1261 1143 1318; x_wconf 71' lang='lat' dir='ltr'><em>ergo</em></span> <span class='ocrx_word' id='word_1_77' title='bbox 1166 1261 1230 1297; x_wconf 86' lang='lat' dir='ltr'><em>cum</em></span> <span class='ocrx_word' id='word_1_78' title='bbox 1254 1246 1367 1320; x_wconf 72' lang='lat' dir='ltr'><em>gaudio</em></span> <span class='ocrx_word' id='word_1_79' title='bbox 1403 1246 1466 1315; x_wconf 76' lang='lat'><em>389⁸</em></span> 
     </span>
     <span class='ocr_line' id='line_1_15' title="bbox 379 1329 1368 1403; baseline 0.003 -20"><span class='ocrx_word' id='word_1_80' title='bbox 379 1329 529 1383; x_wconf 76' lang='lat' dir='ltr'><em>ieiunare?</em></span> <span class='ocrx_word' id='word_1_81' title='bbox 568 1329 628 1382; x_wconf 92' lang='lat' dir='ltr'><em>lam</em></span> <span class='ocrx_word' id='word_1_82' title='bbox 661 1341 702 1382; x_wconf 87' lang='lat' dir='ltr'><em>est</em></span> <span class='ocrx_word' id='word_1_83' title='bbox 738 1329 822 1403; x_wconf 90' lang='lat' dir='ltr'><em>prius</em></span> <span class='ocrx_word' id='word_1_84' title='bbox 855 1329 1049 1403; x_wconf 76' lang='lat' dir='ltr'><em>spiritualiter</em></span> <span class='ocrx_word' id='word_1_85' title='bbox 1086 1329 1223 1398; x_wconf 72' lang='lat' dir='ltr'><em>inimare,</em></span> <span class='ocrx_word' id='word_1_86' title='bbox 1263 1331 1368 1386; x_wconf 86' lang='lat' dir='ltr'><em>deiude</em></span> 
     </span>
     <span class='ocr_line' id='line_1_16' title="bbox 379 1416 1410 1491; baseline -0.001 -20"><span class='ocrx_word' id='word_1_87' title='bbox 379 1417 547 1471; x_wconf 75' lang='lat' dir='ltr'><em>carnaliter.</em></span> <span class='ocrx_word' id='word_1_88' title='bbox 584 1416 658 1470; x_wconf 79' lang='lat' dir='ltr'><em>Nam</em></span> <span class='ocrx_word' id='word_1_89' title='bbox 688 1417 760 1470; x_wconf 86' lang='lat' dir='ltr'><em>sicut</em></span> <span class='ocrx_word' id='word_1_90' title='bbox 789 1435 872 1470; x_wconf 73' lang='lat' dir='ltr'><em>‹ruine</em></span> <span class='ocrx_word' id='word_1_91' title='bbox 895 1417 999 1470; x_wconf 75' lang='lat' dir='ltr'><em>bonum</em></span> <span class='ocrx_word' id='word_1_92' title='bbox 1028 1427 1069 1470; x_wconf 98' lang='grc' dir='ltr'><em>εει</em></span> <span class='ocrx_word' id='word_1_93' title='bbox 1097 1417 1249 1491; x_wconf 81' lang='lat' dir='ltr'><em>spirituale</em></span> <span class='ocrx_word' id='word_1_94' title='bbox 1273 1430 1299 1473; x_wconf 88' lang='lat' dir='ltr'><em>et</em></span> <span class='ocrx_word' id='word_1_95' title='bbox 1323 1431 1410 1474; x_wconf 83' lang='lat' dir='ltr'><em>estio</em></span> 
     </span>
     <span class='ocr_line' id='line_1_17' title="bbox 380 1503 1366 1577; baseline 0.002 -19"><span class='ocrx_word' id='word_1_96' title='bbox 380 1505 499 1559; x_wconf 83' lang='lat' dir='ltr'><em>carnale</em></span> <span class='ocrx_word' id='word_1_97' title='bbox 531 1514 557 1558; x_wconf 91' lang='lat' dir='ltr'><em>et</em></span> <span class='ocrx_word' id='word_1_98' title='bbox 589 1521 673 1556; x_wconf 88' lang='lat' dir='ltr'><em>omne</em></span> <span class='ocrx_word' id='word_1_99' title='bbox 706 1503 814 1556; x_wconf 92' lang='lat' dir='ltr'><em>malum</em></span> <span class='ocrx_word' id='word_1_100' title='bbox 847 1515 889 1558; x_wconf 85' lang='lat' dir='ltr'><em>est</em></span> <span class='ocrx_word' id='word_1_101' title='bbox 920 1503 1073 1577; x_wconf 85' lang='lat' dir='ltr'><em>spirituale</em></span> <span class='ocrx_word' id='word_1_102' title='bbox 1103 1515 1130 1558; x_wconf 91' lang='lat' dir='ltr'><em>et</em></span> <span class='ocrx_word' id='word_1_103' title='bbox 1161 1515 1203 1559; x_wconf 90' lang='lat' dir='ltr'><em>est</em></span> <span class='ocrx_word' id='word_1_104' title='bbox 1235 1507 1366 1575; x_wconf 81' lang='lat' dir='ltr'><em>carnale,</em></span> 
     </span>
     <span class='ocr_line' id='line_1_18' title="bbox 380 1589 1366 1666; baseline 0.005 -23"><span class='ocrx_word' id='word_1_105' title='bbox 380 1602 410 1645; x_wconf 92' lang='lat' dir='ltr'><em>ut</em></span> <span class='ocrx_word' id='word_1_106' title='bbox 439 1602 522 1664; x_wconf 84' lang='lat' dir='ltr'><em>puta,</em></span> <span class='ocrx_word' id='word_1_107' title='bbox 552 1589 721 1664; x_wconf 86' lang='lat' dir='ltr'><em>soruicacio</em></span> <span class='ocrx_word' id='word_1_108' title='bbox 756 1591 852 1644; x_wconf 90' lang='lat' dir='ltr'><em>carnis</em></span> <span class='ocrx_word' id='word_1_109' title='bbox 884 1602 925 1645; x_wconf 89' lang='lat' dir='ltr'><em>est</em></span> <span class='ocrx_word' id='word_1_110' title='bbox 957 1591 1174 1657; x_wconf 85' lang='lat' dir='ltr'><em>meretricacio;</em></span> <span class='ocrx_word' id='word_1_111' title='bbox 1196 1592 1366 1666; x_wconf 79' lang='lat' dir='ltr'><em>fornicario</em></span> 
     </span>
     <span class='ocr_line' id='line_1_19' title="bbox 378 1677 1366 1752; baseline 0.004 -21"><span class='ocrx_word' id='word_1_112' title='bbox 378 1690 474 1732; x_wconf 89' lang='lat' dir='ltr'><em>autem</em></span> <span class='ocrx_word' id='word_1_113' title='bbox 507 1677 669 1752; x_wconf 85' lang='lat' dir='ltr'><em>spiritualis</em></span> <span class='ocrx_word' id='word_1_114' title='bbox 702 1687 743 1732; x_wconf 88' lang='lat' dir='ltr'><em>est</em></span> <span class='ocrx_word' id='word_1_115' title='bbox 773 1677 977 1751; x_wconf 75' lang='lat' dir='ltr'><em>prevaricacio</em></span> <span class='ocrx_word' id='word_1_116' title='bbox 1013 1678 1119 1733; x_wconf 89' lang='lat' dir='ltr'><em>carnis.</em></span> <span class='ocrx_word' id='word_1_117' title='bbox 1158 1678 1285 1734; x_wconf 85' lang='lat' dir='ltr'><em>Castitas</em></span> <span class='ocrx_word' id='word_1_118' title='bbox 1322 1693 1366 1735; x_wconf 86' lang='lat' dir='ltr'><em>est</em></span> 
     </span>
     <span class='ocr_line' id='line_1_20' title="bbox 378 1764 1366 1841; baseline 0.005 -23"><span class='ocrx_word' id='word_1_119' title='bbox 378 1766 489 1821; x_wconf 89' lang='lat' dir='ltr'><em>nescire</em></span> <span class='ocrx_word' id='word_1_120' title='bbox 517 1764 677 1830; x_wconf 84' lang='lat' dir='ltr'><em>mulierem,</em></span> <span class='ocrx_word' id='word_1_121' title='bbox 706 1765 824 1819; x_wconf 85' lang='lat' dir='ltr'><em>castitas</em></span> <span class='ocrx_word' id='word_1_122' title='bbox 851 1776 946 1820; x_wconf 91' lang='lat' dir='ltr'><em>autem</em></span> <span class='ocrx_word' id='word_1_123' title='bbox 974 1765 1137 1838; x_wconf 85' lang='lat' dir='ltr'><em>spiritualis</em></span> <span class='ocrx_word' id='word_1_124' title='bbox 1152 1764 1273 1841; x_wconf 86' lang='lat' dir='ltr'><em>fidelem</em></span> <span class='ocrx_word' id='word_1_125' title='bbox 1303 1786 1366 1823; x_wconf 88' lang='lat' dir='ltr'><em>esse</em></span> 
     </span>
     <span class='ocr_line' id='line_1_21' title="bbox 378 1852 1408 1928; baseline -0.002 -20"><span class='ocrx_word' id='word_1_126' title='bbox 378 1855 405 1908; x_wconf 89' lang='lat' dir='ltr'><em>iu</em></span> <span class='ocrx_word' id='word_1_127' title='bbox 423 1854 494 1907; x_wconf 86' lang='lat' dir='ltr'><em>Deo.</em></span> <span class='ocrx_word' id='word_1_128' title='bbox 518 1852 677 1906; x_wconf 89' lang='lat' dir='ltr'><em>Humilitas</em></span> <span class='ocrx_word' id='word_1_129' title='bbox 694 1852 859 1926; x_wconf 87' lang='lat' dir='ltr'><em>corporalis</em></span> <span class='ocrx_word' id='word_1_130' title='bbox 875 1863 916 1906; x_wconf 87' lang='lat' dir='ltr'><em>est</em></span> <span class='ocrx_word' id='word_1_131' title='bbox 932 1870 1094 1928; x_wconf 77' lang='lat' dir='ltr'><em>assurgere</em></span> <span class='ocrx_word' id='word_1_132' title='bbox 1110 1853 1226 1921; x_wconf 82' lang='lat' dir='ltr'><em>bomini,</em></span> <span class='ocrx_word' id='word_1_133' title='bbox 1244 1857 1364 1909; x_wconf 84' lang='lat' dir='ltr'><em>uerbum</em></span> <span class='ocrx_word' id='word_1_134' title='bbox 1380 1859 1408 1906; x_wconf 72' lang='lat'><em>15</em></span> 
     </span>
     <span class='ocr_line' id='line_1_22' title="bbox 379 1938 1364 2013; baseline 0 -19"><span class='ocrx_word' id='word_1_135' title='bbox 379 1940 475 1995; x_wconf 87' lang='lat' dir='ltr'><em>dicere</em></span> <span class='ocrx_word' id='word_1_136' title='bbox 503 1940 607 2006; x_wconf 83' lang='lat' dir='ltr'><em>malle;</em></span> <span class='ocrx_word' id='word_1_137' title='bbox 639 1938 786 1993; x_wconf 81' lang='lat' dir='ltr'><em>humilitas</em></span> <span class='ocrx_word' id='word_1_138' title='bbox 809 1938 972 2012; x_wconf 86' lang='lat' dir='ltr'><em>spiritualis</em></span> <span class='ocrx_word' id='word_1_139' title='bbox 999 1949 1040 1994; x_wconf 88' lang='grc' dir='ltr'><em>εει</em></span> <span class='ocrx_word' id='word_1_140' title='bbox 1068 1940 1117 2013; x_wconf 87' lang='lat' dir='ltr'><em>qui</em></span> <span class='ocrx_word' id='word_1_141' title='bbox 1143 1940 1170 1993; x_wconf 84' lang='lat' dir='ltr'><em>io</em></span> <span class='ocrx_word' id='word_1_142' title='bbox 1199 1942 1288 1995; x_wconf 89' lang='lat' dir='ltr'><em>corde</em></span> <span class='ocrx_word' id='word_1_143' title='bbox 1311 1960 1364 1997; x_wconf 84' lang='lat' dir='ltr'><em>suo</em></span> 
     </span>
     <span class='ocr_line' id='line_1_23' title="bbox 377 2025 1363 2102; baseline 0 -20"><span class='ocrx_word' id='word_1_144' title='bbox 377 2025 502 2082; x_wconf 88' lang='lat' dir='ltr'><em>alterum</em></span> <span class='ocrx_word' id='word_1_145' title='bbox 519 2026 667 2082; x_wconf 76' lang='lat' dir='ltr'><em>existimat</em></span> <span class='ocrx_word' id='word_1_146' title='bbox 684 2026 832 2081; x_wconf 89' lang='lat' dir='ltr'><em>meliorem</em></span> <span class='ocrx_word' id='word_1_147' title='bbox 849 2044 934 2100; x_wconf 78' lang='lat' dir='ltr'><em>qumn</em></span> <span class='ocrx_word' id='word_1_148' title='bbox 956 2045 995 2081; x_wconf 91' lang='lat' dir='ltr'><em>se.</em></span> <span class='ocrx_word' id='word_1_149' title='bbox 1021 2027 1162 2101; x_wconf 79' lang='lat' dir='ltr'><em>Superbia</em></span> <span class='ocrx_word' id='word_1_150' title='bbox 1186 2027 1363 2102; x_wconf 89' lang='lat' dir='ltr'><em>corporalis,</em></span> 
     </span>
     <span class='ocr_line' id='line_1_24' title="bbox 376 2113 1363 2189; baseline 0 -19"><span class='ocrx_word' id='word_1_151' title='bbox 376 2133 464 2189; x_wconf 82' lang='lat' dir='ltr'><em>asper</em></span> <span class='ocrx_word' id='word_1_152' title='bbox 491 2133 597 2180; x_wconf 82' lang='lat' dir='ltr'><em>serino,</em></span> <span class='ocrx_word' id='word_1_153' title='bbox 625 2113 760 2187; x_wconf 88' lang='lat' dir='ltr'><em>superbia</em></span> <span class='ocrx_word' id='word_1_154' title='bbox 788 2113 951 2187; x_wconf 88' lang='lat' dir='ltr'><em>spiritualis</em></span> <span class='ocrx_word' id='word_1_155' title='bbox 979 2114 1028 2187; x_wconf 89' lang='lat' dir='ltr'><em>qui</em></span> <span class='ocrx_word' id='word_1_156' title='bbox 1054 2133 1084 2169; x_wconf 87' lang='lat' dir='ltr'><em>se</em></span> <span class='ocrx_word' id='word_1_157' title='bbox 1107 2113 1255 2170; x_wconf 89' lang='lat' dir='ltr'><em>meliorem</em></span> <span class='ocrx_word' id='word_1_158' title='bbox 1277 2127 1363 2189; x_wconf 89' lang='lat' dir='ltr'><em>putat</em></span> 
     </span>
     <span class='ocr_line' id='line_1_25' title="bbox 377 2200 1364 2275; baseline -0.001 -18"><span class='ocrx_word' id='word_1_159' title='bbox 377 2221 438 2257; x_wconf 88' lang='lat' dir='ltr'><em>esse</em></span> <span class='ocrx_word' id='word_1_160' title='bbox 461 2220 545 2274; x_wconf 86' lang='lat' dir='ltr'><em>quam</em></span> <span class='ocrx_word' id='word_1_161' title='bbox 570 2201 706 2257; x_wconf 85' lang='lat' dir='ltr'><em>alterum.</em></span> <span class='ocrx_word' id='word_1_162' title='bbox 737 2200 784 2255; x_wconf 87' lang='lat' dir='ltr'><em>Sic</em></span> <span class='ocrx_word' id='word_1_163' title='bbox 808 2211 834 2254; x_wconf 91' lang='lat' dir='ltr'><em>et</em></span> <span class='ocrx_word' id='word_1_164' title='bbox 859 2200 992 2255; x_wconf 90' lang='lat' dir='ltr'><em>ieiunium</em></span> <span class='ocrx_word' id='word_1_165' title='bbox 1022 2211 1063 2255; x_wconf 87' lang='grc' dir='ltr'><em>εει</em></span> <span class='ocrx_word' id='word_1_166' title='bbox 1093 2203 1248 2275; x_wconf 85' lang='lat' dir='ltr'><em>corporale</em></span> <span class='ocrx_word' id='word_1_167' title='bbox 1270 2213 1297 2256; x_wconf 90' lang='lat' dir='ltr'><em>et</em></span> <span class='ocrx_word' id='word_1_168' title='bbox 1319 2213 1364 2258; x_wconf 88' lang='lat' dir='ltr'><em>est</em></span> 
     </span>
     <span class='ocr_line' id='line_1_26' title="bbox 376 2287 1408 2364; baseline -0.006 -20"><span class='ocrx_word' id='word_1_169' title='bbox 376 2289 536 2364; x_wconf 83' lang='lat' dir='ltr'><em>spirituale.</em></span> <span class='ocrx_word' id='word_1_170' title='bbox 589 2288 753 2362; x_wconf 77' lang='lat' dir='ltr'><em>Corporale</em></span> <span class='ocrx_word' id='word_1_171' title='bbox 791 2287 925 2342; x_wconf 89' lang='lat' dir='ltr'><em>ieiunium</em></span> <span class='ocrx_word' id='word_1_172' title='bbox 968 2299 1011 2342; x_wconf 86' lang='grc' dir='ltr'><em>εει</em></span> <span class='ocrx_word' id='word_1_173' title='bbox 1053 2288 1197 2343; x_wconf 86' lang='lat' dir='ltr'><em>abstinere</em></span> <span class='ocrx_word' id='word_1_174' title='bbox 1233 2308 1250 2342; x_wconf 88' lang='lat' dir='ltr'><em>a</em></span> <span class='ocrx_word' id='word_1_175' title='bbox 1289 2290 1362 2354; x_wconf 85' lang='lat' dir='ltr'><em>cibo,</em></span> <span class='ocrx_word' id='word_1_176' title='bbox 1375 2307 1408 2339; x_wconf 88' lang='lat'><em>20</em></span> 
     </span>
     <span class='ocr_line' id='line_1_27' title="bbox 376 2375 1362 2451; baseline 0.001 -21"><span class='ocrx_word' id='word_1_177' title='bbox 376 2377 530 2451; x_wconf 86' lang='lat' dir='ltr'><em>spirituale</em></span> <span class='ocrx_word' id='word_1_178' title='bbox 557 2375 691 2430; x_wconf 86' lang='lat' dir='ltr'><em>ieiunium</em></span> <span class='ocrx_word' id='word_1_179' title='bbox 721 2385 763 2430; x_wconf 85' lang='lat' dir='ltr'><em>est</em></span> <span class='ocrx_word' id='word_1_180' title='bbox 790 2375 936 2430; x_wconf 87' lang='lat' dir='ltr'><em>abstinere</em></span> <span class='ocrx_word' id='word_1_181' title='bbox 962 2394 979 2430; x_wconf 93' lang='lat' dir='ltr'><em>a</em></span> <span class='ocrx_word' id='word_1_182' title='bbox 1005 2376 1143 2449; x_wconf 85' lang='lat' dir='ltr'><em>peccatis.</em></span> <span class='ocrx_word' id='word_1_183' title='bbox 1180 2376 1255 2430; x_wconf 89' lang='lat' dir='ltr'><em>Nam</em></span> <span class='ocrx_word' id='word_1_184' title='bbox 1288 2377 1362 2432; x_wconf 90' lang='lat' dir='ltr'><em>sicut</em></span> 
     </span>
     <span class='ocr_line' id='line_1_28' title="bbox 376 2461 1362 2538; baseline 0.002 -19"><span class='ocrx_word' id='word_1_185' title='bbox 376 2483 446 2519; x_wconf 88' lang='lat' dir='ltr'><em>caro</em></span> <span class='ocrx_word' id='word_1_186' title='bbox 471 2463 632 2518; x_wconf 78' lang='lat' dir='ltr'><em>delectatur</em></span> <span class='ocrx_word' id='word_1_187' title='bbox 655 2462 868 2519; x_wconf 86' lang='lat' dir='ltr'><em>manducando.</em></span> <span class='ocrx_word' id='word_1_188' title='bbox 900 2462 941 2516; x_wconf 88' lang='lat' dir='ltr'><em>sic</em></span> <span class='ocrx_word' id='word_1_189' title='bbox 968 2461 1090 2536; x_wconf 85' lang='lat' dir='ltr'><em>spiritus</em></span> <span class='ocrx_word' id='word_1_190' title='bbox 1117 2463 1224 2538; x_wconf 79' lang='lat' dir='ltr'><em>caruis,</em></span> <span class='ocrx_word' id='word_1_191' title='bbox 1252 2464 1283 2518; x_wconf 92' lang='lat' dir='ltr'><em>id</em></span> <span class='ocrx_word' id='word_1_192' title='bbox 1309 2475 1362 2522; x_wconf 88' lang='lat' dir='ltr'><em>est.</em></span> 
     </span>
     <span class='ocr_line' id='line_1_29' title="bbox 375 2549 1361 2625; baseline -0.001 -19"><span class='ocrx_word' id='word_1_193' title='bbox 375 2569 475 2606; x_wconf 89' lang='lat' dir='ltr'><em>seusus</em></span> <span class='ocrx_word' id='word_1_194' title='bbox 491 2551 653 2604; x_wconf 79' lang='lat' dir='ltr'><em>delectatur</em></span> <span class='ocrx_word' id='word_1_195' title='bbox 665 2549 823 2625; x_wconf 87' lang='lat' dir='ltr'><em>peccando.</em></span> <span class='ocrx_word' id='word_1_196' title='bbox 852 2549 934 2604; x_wconf 73' lang='lat' dir='ltr'><em>liade</em></span> <span class='ocrx_word' id='word_1_197' title='bbox 949 2549 1092 2624; x_wconf 88' lang='lat' dir='ltr'><em>sapientes</em></span> <span class='ocrx_word' id='word_1_198' title='bbox 1112 2568 1196 2605; x_wconf 91' lang='lat' dir='ltr'><em>omne</em></span> <span class='ocrx_word' id='word_1_199' title='bbox 1207 2561 1361 2625; x_wconf 89' lang='lat' dir='ltr'><em>peccatum</em></span> 
     </span>
     <span class='ocr_line' id='line_1_30' title="bbox 376 2637 1363 2712; baseline 0.002 -20"><span class='ocrx_word' id='word_1_200' title='bbox 376 2637 521 2693; x_wconf 76' lang='lat' dir='ltr'><em>libidinem</em></span> <span class='ocrx_word' id='word_1_201' title='bbox 552 2648 663 2703; x_wconf 83' lang='lat' dir='ltr'><em>uocant,</em></span> <span class='ocrx_word' id='word_1_202' title='bbox 696 2637 761 2710; x_wconf 81' lang='lat' dir='ltr'><em>qiua</em></span> <span class='ocrx_word' id='word_1_203' title='bbox 790 2655 873 2691; x_wconf 88' lang='lat' dir='ltr'><em>omne</em></span> <span class='ocrx_word' id='word_1_204' title='bbox 897 2647 1049 2712; x_wconf 90' lang='lat' dir='ltr'><em>peccatum</em></span> <span class='ocrx_word' id='word_1_205' title='bbox 1078 2655 1142 2691; x_wconf 86' lang='lat' dir='ltr'><em>cum</em></span> <span class='ocrx_word' id='word_1_206' title='bbox 1168 2638 1363 2694; x_wconf 88' lang='lat' dir='ltr'><em>delectacione</em></span> 
     </span>
     <span class='ocr_line' id='line_1_31' title="bbox 375 2724 1406 2781; baseline -0.002 -1"><span class='ocrx_word' id='word_1_207' title='bbox 375 2724 590 2780; x_wconf 81' lang='lat' dir='ltr'><em>committimus,</em></span> <span class='ocrx_word' id='word_1_208' title='bbox 617 2724 683 2779; x_wconf 88' lang='lat' dir='ltr'><em>Ideo</em></span> <span class='ocrx_word' id='word_1_209' title='bbox 708 2735 733 2778; x_wconf 90' lang='lat' dir='ltr'><em>et</em></span> <span class='ocrx_word' id='word_1_210' title='bbox 757 2724 1021 2779; x_wconf 86' lang='lat' dir='ltr'><em>circumcidebatur</em></span> <span class='ocrx_word' id='word_1_211' title='bbox 1045 2724 1171 2780; x_wconf 88' lang='lat' dir='ltr'><em>libidinis</em></span> <span class='ocrx_word' id='word_1_212' title='bbox 1199 2728 1406 2781; x_wconf 76' lang='lat' dir='ltr'><em>membrum25</em></span> 
     </span>
     <span class='ocr_line' id='line_1_32' title="bbox 376 2811 1362 2889; baseline 0.002 -23"><span class='ocrx_word' id='word_1_213' title='bbox 376 2823 406 2867; x_wconf 89' lang='lat' dir='ltr'><em>ut</em></span> <span class='ocrx_word' id='word_1_214' title='bbox 438 2812 465 2867; x_wconf 92' lang='lat' dir='ltr'><em>in</em></span> <span class='ocrx_word' id='word_1_215' title='bbox 494 2811 638 2889; x_wconf 71' lang='lat' dir='ltr'><em>inusterio</em></span> <span class='ocrx_word' id='word_1_216' title='bbox 665 2811 847 2887; x_wconf 81' lang='lat' dir='ltr'><em>generaliter</em></span> <span class='ocrx_word' id='word_1_217' title='bbox 875 2811 1000 2865; x_wconf 85' lang='lat' dir='ltr'><em>nmmum</em></span> <span class='ocrx_word' id='word_1_218' title='bbox 1031 2812 1175 2866; x_wconf 90' lang='lat' dir='ltr'><em>malorum</em></span> <span class='ocrx_word' id='word_1_219' title='bbox 1205 2813 1362 2868; x_wconf 85' lang='lat' dir='ltr'><em>delectacio</em></span> 
     </span>
     <span class='ocr_line' id='line_1_33' title="bbox 375 2898 1362 2972; baseline 0.002 -18"><span class='ocrx_word' id='word_1_220' title='bbox 375 2899 546 2966; x_wconf 85' lang='lat' dir='ltr'><em>tolleretur;</em></span> <span class='ocrx_word' id='word_1_221' title='bbox 577 2917 630 2972; x_wconf 86' lang='lat' dir='ltr'><em>que</em></span> <span class='ocrx_word' id='word_1_222' title='bbox 662 2898 739 2952; x_wconf 91' lang='lat' dir='ltr'><em>mala</em></span> <span class='ocrx_word' id='word_1_223' title='bbox 763 2898 881 2972; x_wconf 85' lang='lat' dir='ltr'><em>jaciunt</em></span> <span class='ocrx_word' id='word_1_224' title='bbox 915 2898 1057 2954; x_wconf 86' lang='lat' dir='ltr'><em>hominem</em></span> <span class='ocrx_word' id='word_1_225' title='bbox 1092 2899 1215 2970; x_wconf 83' lang='lat' dir='ltr'><em>tristem,</em></span> <span class='ocrx_word' id='word_1_226' title='bbox 1247 2900 1278 2955; x_wconf 92' lang='lat' dir='ltr'><em>id</em></span> <span class='ocrx_word' id='word_1_227' title='bbox 1309 2912 1362 2957; x_wconf 87' lang='lat' dir='ltr'><em>est.</em></span> 
     </span>
     <span class='ocr_line' id='line_1_34' title="bbox 376 2985 1362 3062; baseline 0 -21"><span class='ocrx_word' id='word_1_228' title='bbox 376 2988 587 3061; x_wconf 85' lang='lat' dir='ltr'><em>desperantem.</em></span> <span class='ocrx_word' id='word_1_229' title='bbox 617 2986 675 3052; x_wconf 81' lang='lat' dir='ltr'><em>Qui</em></span> <span class='ocrx_word' id='word_1_230' title='bbox 701 2986 775 3040; x_wconf 90' lang='lat' dir='ltr'><em>enim</em></span> <span class='ocrx_word' id='word_1_231' title='bbox 799 3004 816 3039; x_wconf 91' lang='lat' dir='ltr'><em>a</em></span> <span class='ocrx_word' id='word_1_232' title='bbox 840 2986 902 3041; x_wconf 82' lang='lat' dir='ltr'><em>cibo</em></span> <span class='ocrx_word' id='word_1_233' title='bbox 932 2985 1048 3055; x_wconf 88' lang='lat' dir='ltr'><em>ieiunat,</em></span> <span class='ocrx_word' id='word_1_234' title='bbox 1078 3005 1132 3041; x_wconf 92' lang='lat' dir='ltr'><em>non</em></span> <span class='ocrx_word' id='word_1_235' title='bbox 1160 2987 1196 3040; x_wconf 90' lang='lat' dir='ltr'><em>ab</em></span> <span class='ocrx_word' id='word_1_236' title='bbox 1225 2988 1362 3062; x_wconf 85' lang='lat' dir='ltr'><em>operibus</em></span> 
     </span>
     <span class='ocr_line' id='line_1_35' title="bbox 376 3073 1361 3148; baseline 0.002 -21"><span class='ocrx_word' id='word_1_237' title='bbox 376 3074 471 3139; x_wconf 86' lang='lat' dir='ltr'><em>malis,</em></span> <span class='ocrx_word' id='word_1_238' title='bbox 510 3073 559 3127; x_wconf 92' lang='lat' dir='ltr'><em>ille</em></span> <span class='ocrx_word' id='word_1_239' title='bbox 590 3085 714 3148; x_wconf 86' lang='lat' dir='ltr'><em>apparet</em></span> <span class='ocrx_word' id='word_1_240' title='bbox 746 3073 884 3139; x_wconf 72' lang='lat' dir='ltr'><em>ieiunare,</em></span> <span class='ocrx_word' id='word_1_241' title='bbox 923 3092 977 3128; x_wconf 91' lang='lat' dir='ltr'><em>non</em></span> <span class='ocrx_word' id='word_1_242' title='bbox 1011 3084 1106 3129; x_wconf 91' lang='lat' dir='ltr'><em>autem</em></span> <span class='ocrx_word' id='word_1_243' title='bbox 1140 3073 1256 3142; x_wconf 71' lang='lat' dir='ltr'><em>ieiunat,</em></span> <span class='ocrx_word' id='word_1_244' title='bbox 1295 3075 1361 3148; x_wconf 89' lang='lat' dir='ltr'><em>quia</em></span> 
     </span>
     <span class='ocr_line' id='line_1_36' title="bbox 375 3161 1409 3235; baseline -0.004 -20"><span class='ocrx_word' id='word_1_245' title='bbox 375 3173 511 3235; x_wconf 88' lang='lat' dir='ltr'><em>quantum</em></span> <span class='ocrx_word' id='word_1_246' title='bbox 540 3161 579 3214; x_wconf 90' lang='lat' dir='ltr'><em>ad</em></span> <span class='ocrx_word' id='word_1_247' title='bbox 607 3161 735 3216; x_wconf 83' lang='lat' dir='ltr'><em>homines</em></span> <span class='ocrx_word' id='word_1_248' title='bbox 763 3161 879 3227; x_wconf 87' lang='lat' dir='ltr'><em>ieiunat,</em></span> <span class='ocrx_word' id='word_1_249' title='bbox 907 3172 1044 3235; x_wconf 85' lang='lat' dir='ltr'><em>quantum</em></span> <span class='ocrx_word' id='word_1_250' title='bbox 1073 3171 1167 3216; x_wconf 91' lang='lat' dir='ltr'><em>autem</em></span> <span class='ocrx_word' id='word_1_251' title='bbox 1197 3161 1237 3215; x_wconf 85' lang='lat' dir='ltr'><em>ad</em></span> <span class='ocrx_word' id='word_1_252' title='bbox 1266 3163 1409 3217; x_wconf 80' lang='lat' dir='ltr'><em>Deum30</em></span> 
     </span>
     <span class='ocr_line' id='line_1_37' title="bbox 372 3247 774 3322; baseline -0.002 -18"><span class='ocrx_word' id='word_1_253' title='bbox 372 3248 497 3322; x_wconf 87' lang='lat' dir='ltr'><em>pessime</em></span> <span class='ocrx_word' id='word_1_254' title='bbox 520 3247 656 3322; x_wconf 85' lang='lat' dir='ltr'><em>epulatur</em></span> <span class='ocrx_word' id='word_1_255' title='bbox 679 3248 774 3303; x_wconf 68' lang='lat' dir='ltr'><em>vualis.</em></span> 
     </span>
    </p>

    <p class='ocr_par' dir='ltr' id='par_1_4' title="bbox 373 3334 1411 4104">
     <span class='ocr_line' id='line_1_38' title="bbox 419 3334 1363 3409; baseline 0.002 -20"><span class='ocrx_word' id='word_1_256' title='bbox 419 3336 509 3389; x_wconf 77' lang='lat' dir='ltr'><em>Amen</em></span> <span class='ocrx_word' id='word_1_257' title='bbox 540 3334 604 3389; x_wconf 87' lang='lat' dir='ltr'><em>dico</em></span> <span class='ocrx_word' id='word_1_258' title='bbox 634 3335 713 3390; x_wconf 84' lang='lat' dir='ltr'><em>uobis</em></span> <span class='ocrx_word' id='word_1_259' title='bbox 741 3347 911 3409; x_wconf 85' lang='lat' dir='ltr'><em>receperunt</em></span> <span class='ocrx_word' id='word_1_260' title='bbox 937 3337 1100 3392; x_wconf 87' lang='lat' dir='ltr'><em>mercedem</em></span> <span class='ocrx_word' id='word_1_261' title='bbox 1131 3354 1229 3390; x_wconf 93' lang='lat' dir='ltr'><em>suam:</em></span> <span class='ocrx_word' id='word_1_262' title='bbox 1258 3335 1363 3391; x_wconf 86' lang='lat' dir='ltr'><em>Delec-</em></span> 
     </span>
     <span class='ocr_line' id='line_1_39' title="bbox 374 3422 1365 3496; baseline 0.002 -20"><span class='ocrx_word' id='word_1_263' title='bbox 374 3424 449 3477; x_wconf 85' lang='lat' dir='ltr'><em>taeio</em></span> <span class='ocrx_word' id='word_1_264' title='bbox 472 3422 522 3476; x_wconf 88' lang='lat' dir='ltr'><em>illa</em></span> <span class='ocrx_word' id='word_1_265' title='bbox 547 3422 643 3477; x_wconf 85' lang='lat' dir='ltr'><em>laudis</em></span> <span class='ocrx_word' id='word_1_266' title='bbox 666 3434 724 3477; x_wconf 92' lang='lat' dir='ltr'><em>tam</em></span> <span class='ocrx_word' id='word_1_267' title='bbox 750 3423 797 3476; x_wconf 88' lang='lat' dir='ltr'><em>diu</em></span> <span class='ocrx_word' id='word_1_268' title='bbox 821 3423 943 3478; x_wconf 87' lang='lat' dir='ltr'><em>sentitur</em></span> <span class='ocrx_word' id='word_1_269' title='bbox 959 3441 1044 3496; x_wconf 76' lang='lat' dir='ltr'><em>quemi</em></span> <span class='ocrx_word' id='word_1_270' title='bbox 1069 3423 1117 3477; x_wconf 92' lang='lat' dir='ltr'><em>diu</em></span> <span class='ocrx_word' id='word_1_271' title='bbox 1133 3422 1261 3479; x_wconf 87' lang='lat' dir='ltr'><em>auditur.</em></span> <span class='ocrx_word' id='word_1_272' title='bbox 1286 3423 1365 3478; x_wconf 78' lang='lat' dir='ltr'><em>Mos·</em></span> 
     </span>
     <span class='ocr_line' id='line_1_40' title="bbox 373 3510 1361 3579; baseline 0 -14"><span class='ocrx_word' id='word_1_273' title='bbox 373 3520 468 3565; x_wconf 78' lang='lat' dir='ltr'><em>aulem</em></span> <span class='ocrx_word' id='word_1_274' title='bbox 503 3521 532 3563; x_wconf 93' lang='lat' dir='ltr'><em>nt</em></span> <span class='ocrx_word' id='word_1_275' title='bbox 559 3528 648 3565; x_wconf 89' lang='lat' dir='ltr'><em>aures</em></span> <span class='ocrx_word' id='word_1_276' title='bbox 676 3510 835 3579; x_wconf 88' lang='lat' dir='ltr'><em>transierit,</em></span> <span class='ocrx_word' id='word_1_277' title='bbox 874 3511 979 3565; x_wconf 89' lang='lat' dir='ltr'><em>transit</em></span> <span class='ocrx_word' id='word_1_278' title='bbox 1007 3521 1034 3565; x_wconf 88' lang='lat' dir='ltr'><em>et</em></span> <span class='ocrx_word' id='word_1_279' title='bbox 1068 3510 1223 3565; x_wconf 88' lang='lat' dir='ltr'><em>delectacio</em></span> <span class='ocrx_word' id='word_1_280' title='bbox 1256 3510 1361 3565; x_wconf 86' lang='lat' dir='ltr'><em>laudis.</em></span> 
     </span>
     <span class='ocr_line' id='line_1_41' title="bbox 379 3597 1409 3673; baseline 0.001 -22"><span class='ocrx_word' id='word_1_281' title='bbox 379 3598 420 3651; x_wconf 90' lang='lat' dir='ltr'><em>Tu</em></span> <span class='ocrx_word' id='word_1_282' title='bbox 440 3606 536 3652; x_wconf 77' lang='lat' dir='ltr'><em>aulem</em></span> <span class='ocrx_word' id='word_1_283' title='bbox 561 3615 624 3651; x_wconf 89' lang='lat' dir='ltr'><em>cum</em></span> <span class='ocrx_word' id='word_1_284' title='bbox 649 3597 767 3663; x_wconf 83' lang='lat' dir='ltr'><em>ieiunas,</em></span> <span class='ocrx_word' id='word_1_285' title='bbox 793 3616 869 3673; x_wconf 70' lang='lat' dir='ltr'><em>unge</em></span> <span class='ocrx_word' id='word_1_286' title='bbox 892 3609 980 3672; x_wconf 87' lang='lat' dir='ltr'><em>caput</em></span> <span class='ocrx_word' id='word_1_287' title='bbox 1002 3609 1081 3652; x_wconf 91' lang='lat' dir='ltr'><em>tuum</em></span> <span class='ocrx_word' id='word_1_288' title='bbox 1106 3608 1132 3652; x_wconf 88' lang='lat' dir='ltr'><em>et</em></span> <span class='ocrx_word' id='word_1_289' title='bbox 1145 3597 1257 3671; x_wconf 74' lang='lat' dir='ltr'><em>faciem</em></span> <span class='ocrx_word' id='word_1_290' title='bbox 1280 3608 1362 3652; x_wconf 93' lang='lat' dir='ltr'><em>tuam</em></span> <span class='ocrx_word' id='word_1_291' title='bbox 1376 3603 1409 3654; x_wconf 58' lang='grc'><em>,45</em></span> 
     </span>
     <span class='ocr_line' id='line_1_42' title="bbox 373 3684 1362 3762; baseline 0.001 -24"><span class='ocrx_word' id='word_1_292' title='bbox 373 3685 450 3739; x_wconf 82' lang='lat' dir='ltr'><em>lara.</em></span> <span class='ocrx_word' id='word_1_293' title='bbox 486 3684 527 3737; x_wconf 91' lang='lat' dir='ltr'><em>Tu</em></span> <span class='ocrx_word' id='word_1_294' title='bbox 556 3685 605 3758; x_wconf 85' lang='lat' dir='ltr'><em>qni</em></span> <span class='ocrx_word' id='word_1_295' title='bbox 632 3702 712 3740; x_wconf 87' lang='lat' dir='ltr'><em>meus</em></span> <span class='ocrx_word' id='word_1_296' title='bbox 740 3702 778 3753; x_wconf 83' lang='lat' dir='ltr'><em>es,</em></span> <span class='ocrx_word' id='word_1_297' title='bbox 812 3685 861 3758; x_wconf 84' lang='lat' dir='ltr'><em>qui</em></span> <span class='ocrx_word' id='word_1_298' title='bbox 891 3686 988 3762; x_wconf 82' lang='lat' dir='ltr'><em>magis</em></span> <span class='ocrx_word' id='word_1_299' title='bbox 1018 3685 1128 3740; x_wconf 88' lang='lat' dir='ltr'><em>ieiunas</em></span> <span class='ocrx_word' id='word_1_300' title='bbox 1155 3685 1244 3739; x_wconf 88' lang='lat' dir='ltr'><em>corde</em></span> <span class='ocrx_word' id='word_1_301' title='bbox 1275 3702 1362 3758; x_wconf 87' lang='lat' dir='ltr'><em>quam</em></span> 
     </span>
     <span class='ocr_line' id='line_1_43' title="bbox 373 3770 1363 3847; baseline -0.001 -21"><span class='ocrx_word' id='word_1_302' title='bbox 373 3790 499 3846; x_wconf 88' lang='lat' dir='ltr'><em>corpore</em></span> <span class='ocrx_word' id='word_1_303' title='bbox 526 3772 575 3845; x_wconf 85' lang='lat' dir='ltr'><em>qui</em></span> <span class='ocrx_word' id='word_1_304' title='bbox 601 3772 697 3847; x_wconf 75' lang='lat' dir='ltr'><em>magis</em></span> <span class='ocrx_word' id='word_1_305' title='bbox 725 3771 850 3826; x_wconf 82' lang='lat' dir='ltr'><em>abstines</em></span> <span class='ocrx_word' id='word_1_306' title='bbox 878 3784 904 3828; x_wconf 89' lang='lat' dir='ltr'><em>te</em></span> <span class='ocrx_word' id='word_1_307' title='bbox 931 3792 948 3826; x_wconf 90' lang='lat' dir='ltr'><em>a</em></span> <span class='ocrx_word' id='word_1_308' title='bbox 973 3784 1094 3846; x_wconf 88' lang='lat' dir='ltr'><em>peccato</em></span> <span class='ocrx_word' id='word_1_309' title='bbox 1118 3790 1203 3845; x_wconf 84' lang='lat' dir='ltr'><em>quam</em></span> <span class='ocrx_word' id='word_1_310' title='bbox 1228 3770 1306 3839; x_wconf 87' lang='lat' dir='ltr'><em>cibo;</em></span> <span class='ocrx_word' id='word_1_311' title='bbox 1335 3783 1363 3826; x_wconf 92' lang='lat' dir='ltr'><em>et</em></span> 
     </span>
     <span class='ocr_line' id='line_1_44' title="bbox 374 3858 1365 3933; baseline 0.001 -21"><span class='ocrx_word' id='word_1_312' title='bbox 374 3860 437 3913; x_wconf 90' lang='lat' dir='ltr'><em>ideo</em></span> <span class='ocrx_word' id='word_1_313' title='bbox 470 3876 525 3912; x_wconf 93' lang='lat' dir='ltr'><em>uon</em></span> <span class='ocrx_word' id='word_1_314' title='bbox 549 3858 711 3914; x_wconf 86' lang='lat' dir='ltr'><em>hominibus</em></span> <span class='ocrx_word' id='word_1_315' title='bbox 734 3859 786 3912; x_wconf 89' lang='lat' dir='ltr'><em>sed</em></span> <span class='ocrx_word' id='word_1_316' title='bbox 803 3859 865 3913; x_wconf 83' lang='lat' dir='ltr'><em>Iteo</em></span> <span class='ocrx_word' id='word_1_317' title='bbox 889 3859 1007 3914; x_wconf 89' lang='lat' dir='ltr'><em>ieiunas.</em></span> <span class='ocrx_word' id='word_1_318' title='bbox 1034 3859 1093 3924; x_wconf 85' lang='lat' dir='ltr'><em>Qui</em></span> <span class='ocrx_word' id='word_1_319' title='bbox 1114 3860 1187 3913; x_wconf 86' lang='lat' dir='ltr'><em>enim</em></span> <span class='ocrx_word' id='word_1_320' title='bbox 1208 3868 1365 3933; x_wconf 88' lang='lat' dir='ltr'><em>peccantes</em></span> 
     </span>
     <span class='ocr_line' id='line_1_45' title="bbox 373 3945 1365 4022; baseline 0.001 -23"><span class='ocrx_word' id='word_1_321' title='bbox 373 3946 509 4012; x_wconf 79' lang='lat' dir='ltr'><em>ieiunam,</em></span> <span class='ocrx_word' id='word_1_322' title='bbox 546 3946 709 4001; x_wconf 86' lang='lat' dir='ltr'><em>bominibus</em></span> <span class='ocrx_word' id='word_1_323' title='bbox 736 3946 873 4002; x_wconf 86' lang='lat' dir='ltr'><em>ieiunant.</em></span> <span class='ocrx_word' id='word_1_324' title='bbox 905 3966 960 4002; x_wconf 90' lang='lat' dir='ltr'><em>nou</em></span> <span class='ocrx_word' id='word_1_325' title='bbox 989 3947 1052 4002; x_wconf 87' lang='lat' dir='ltr'><em>Deo</em></span> <span class='ocrx_word' id='word_1_326' title='bbox 1081 3956 1108 4000; x_wconf 85' lang='lat' dir='ltr'><em>et</em></span> <span class='ocrx_word' id='word_1_327' title='bbox 1135 3946 1198 4000; x_wconf 89' lang='lat' dir='ltr'><em>ideo</em></span> <span class='ocrx_word' id='word_1_328' title='bbox 1220 3945 1365 4022; x_wconf 65' lang='lat' dir='ltr'><em>ypocrite</em></span> 
     </span>
     <span class='ocr_line' id='line_1_46' title="bbox 373 4033 1411 4104; baseline 0 -17"><span class='ocrx_word' id='word_1_329' title='bbox 373 4044 448 4087; x_wconf 88' lang='lat' dir='ltr'><em>sunt.</em></span> <span class='ocrx_word' id='word_1_330' title='bbox 476 4033 536 4098; x_wconf 85' lang='lat' dir='ltr'><em>Qui</em></span> <span class='ocrx_word' id='word_1_331' title='bbox 557 4045 652 4088; x_wconf 92' lang='lat' dir='ltr'><em>autem</em></span> <span class='ocrx_word' id='word_1_332' title='bbox 678 4052 746 4089; x_wconf 85' lang='lat' dir='ltr'><em>uere</em></span> <span class='ocrx_word' id='word_1_333' title='bbox 774 4034 837 4090; x_wconf 90' lang='lat' dir='ltr'><em>Deo</em></span> <span class='ocrx_word' id='word_1_334' title='bbox 865 4034 1001 4104; x_wconf 86' lang='lat' dir='ltr'><em>ieiunant,</em></span> <span class='ocrx_word' id='word_1_335' title='bbox 1031 4052 1085 4088; x_wconf 91' lang='lat' dir='ltr'><em>uon</em></span> <span class='ocrx_word' id='word_1_336' title='bbox 1113 4044 1224 4088; x_wconf 89' lang='lat' dir='ltr'><em>tantum</em></span> <span class='ocrx_word' id='word_1_337' title='bbox 1254 4052 1271 4087; x_wconf 91' lang='lat' dir='ltr'><em>a</em></span> <span class='ocrx_word' id='word_1_338' title='bbox 1299 4033 1364 4088; x_wconf 89' lang='lat' dir='ltr'><em>cibo</em></span> <span class='ocrx_word' id='word_1_339' title='bbox 1374 4054 1411 4102; x_wconf 82' lang='lat'><em>40</em></span> 
     </span>
    </p>
   </div>
   <div class='ocr_carea' id='block_1_4' title="bbox 376 4269 1364 4471">
    <p class='ocr_par' dir='ltr' id='par_1_5' title="bbox 376 4269 1364 4471">
     <span class='ocr_line' id='line_1_47' title="bbox 426 4269 1363 4326; baseline 0.002 -15"><span class='ocrx_word' id='word_1_340' title='bbox 426 4284 445 4317; x_wconf 71' lang='lat' dir='ltr'><em>e.</em></span> <span class='ocrx_word' id='word_1_341' title='bbox 468 4269 487 4312; x_wconf 81' lang='lat'><em>3.</em></span> <span class='ocrx_word' id='word_1_342' title='bbox 513 4270 542 4312; x_wconf 78' lang='lat' dir='ltr'><em>o:</em></span> <span class='ocrx_word' id='word_1_343' title='bbox 567 4272 705 4325; x_wconf 72' lang='lat' dir='ltr'><em>desperatio</em></span> <span class='ocrx_word' id='word_1_344' title='bbox 726 4277 820 4324; x_wconf 78' lang='lat' dir='ltr'><em>peccata</em></span> <span class='ocrx_word' id='word_1_345' title='bbox 840 4277 997 4326; x_wconf 85' lang='lat' dir='ltr'><em>peccatorum.</em></span> <span class='ocrx_word' id='word_1_346' title='bbox 1086 4292 1107 4326; x_wconf 65' lang='lat' dir='ltr'><em>a.</em></span> <span class='ocrx_word' id='word_1_347' title='bbox 1131 4273 1160 4312; x_wconf 72' lang='lat' dir='ltr'><em>ll:</em></span> <span class='ocrx_word' id='word_1_348' title='bbox 1184 4272 1210 4313; x_wconf 90' lang='lat' dir='ltr'><em>id</em></span> <span class='ocrx_word' id='word_1_349' title='bbox 1232 4277 1265 4313; x_wconf 86' lang='lat' dir='ltr'><em>est</em></span> <span class='ocrx_word' id='word_1_350' title='bbox 1284 4274 1363 4325; x_wconf 78' lang='lat' dir='ltr'><em>prius.</em></span> 
     </span>
     <span class='ocr_line' id='line_1_48' title="bbox 376 4324 1363 4379; baseline 0.002 -15"><span class='ocrx_word' id='word_1_351' title='bbox 376 4335 407 4364; x_wconf 81' lang='lat' dir='ltr'><em>io.</em></span> <span class='ocrx_word' id='word_1_352' title='bbox 423 4326 456 4365; x_wconf 71' lang='lat' dir='ltr'><em>A:</em></span> <span class='ocrx_word' id='word_1_353' title='bbox 473 4335 526 4364; x_wconf 88' lang='lat' dir='ltr'><em>nam</em></span> <span class='ocrx_word' id='word_1_354' title='bbox 541 4324 582 4365; x_wconf 81' lang='lat' dir='ltr'><em>sic.</em></span> <span class='ocrx_word' id='word_1_355' title='bbox 651 4336 680 4377; x_wconf 80' lang='lat'><em>¹7-</em></span> <span class='ocrx_word' id='word_1_356' title='bbox 696 4327 729 4366; x_wconf 82' lang='lat' dir='ltr'><em>A:</em></span> <span class='ocrx_word' id='word_1_357' title='bbox 744 4337 769 4366; x_wconf 88' lang='lat' dir='ltr'><em>se</em></span> <span class='ocrx_word' id='word_1_358' title='bbox 783 4324 854 4367; x_wconf 78' lang='lat' dir='ltr'><em>deest.</em></span> <span class='ocrx_word' id='word_1_359' title='bbox 918 4330 951 4366; x_wconf 68' lang='grc' dir='ltr'><em>εδ.</em></span> <span class='ocrx_word' id='word_1_360' title='bbox 968 4327 989 4366; x_wconf 65' lang='grc' dir='ltr'>Α</span> <span class='ocrx_word' id='word_1_361' title='bbox 1001 4325 1022 4366; x_wconf 88' lang='lat' dir='ltr'><em>in</em></span> <span class='ocrx_word' id='word_1_362' title='bbox 1040 4337 1126 4379; x_wconf 54' lang='lat' dir='ltr'><em>uiarga</em></span> <span class='ocrx_word' id='word_1_363' title='bbox 1143 4324 1204 4367; x_wconf 74' lang='lat' dir='ltr'><em>Nota</em></span> <span class='ocrx_word' id='word_1_364' title='bbox 1219 4324 1249 4366; x_wconf 87' lang='lat' dir='ltr'><em>de</em></span> <span class='ocrx_word' id='word_1_365' title='bbox 1263 4324 1363 4367; x_wconf 86' lang='lat' dir='ltr'><em>ieiunio.</em></span> 
     </span>
     <span class='ocr_line' id='line_1_49' title="bbox 376 4373 1364 4434; baseline 0.002 -18"><span class='ocrx_word' id='word_1_366' title='bbox 376 4373 410 4416; x_wconf 49' lang='grc' dir='ltr'><em>’.Μ</em></span> <span class='ocrx_word' id='word_1_367' title='bbox 428 4378 459 4416; x_wconf 58' lang='grc' dir='ltr'><em>,ε’</em></span> <span class='ocrx_word' id='word_1_368' title='bbox 474 4375 516 4425; x_wconf 72' lang='lat' dir='ltr'><em>aui</em></span> <span class='ocrx_word' id='word_1_369' title='bbox 528 4389 589 4434; x_wconf 81' lang='lat' dir='ltr'><em>meus</em></span> <span class='ocrx_word' id='word_1_370' title='bbox 605 4399 626 4405; x_wconf 88' lang='lat'>—</span> <span class='ocrx_word' id='word_1_371' title='bbox 643 4388 743 4427; x_wconf 74' lang='lat' dir='ltr'><em>corpore</em></span> <span class='ocrx_word' id='word_1_372' title='bbox 757 4377 827 4418; x_wconf 78' lang='lat' dir='ltr'><em>deest.</em></span> <span class='ocrx_word' id='word_1_373' title='bbox 884 4375 918 4419; x_wconf 80' lang='lat' dir='ltr'><em>3o.</em></span> <span class='ocrx_word' id='word_1_374' title='bbox 929 4377 1018 4418; x_wconf 68' lang='lat' dir='ltr'><em>codd:</em></span> <span class='ocrx_word' id='word_1_375' title='bbox 1036 4378 1141 4420; x_wconf 85' lang='lat' dir='ltr'><em>ieiunant</em></span> <span class='ocrx_word' id='word_1_376' title='bbox 1149 4377 1279 4419; x_wconf 82' lang='lat' dir='ltr'><em>bominibus</em></span> <span class='ocrx_word' id='word_1_377' title='bbox 1289 4379 1364 4419; x_wconf 80' lang='lat' dir='ltr'><em>deest.</em></span> 
     </span>
     <span class='ocr_line' id='line_1_50' title="bbox 382 4428 768 4471; baseline -0.003 -1"><span class='ocrx_word' id='word_1_378' title='bbox 382 4440 412 4471; x_wconf 82' lang='lat' dir='ltr'><em>;‘r.</em></span> <span class='ocrx_word' id='word_1_379' title='bbox 428 4431 459 4469; x_wconf 71' lang='lat' dir='ltr'><em>A:</em></span> <span class='ocrx_word' id='word_1_380' title='bbox 477 4428 526 4469; x_wconf 75' lang='lat' dir='ltr'><em>Deo</em></span> <span class='ocrx_word' id='word_1_381' title='bbox 541 4453 564 4457; x_wconf 96' lang='lat'><strong>—</strong></span> <span class='ocrx_word' id='word_1_382' title='bbox 578 4429 683 4470; x_wconf 78' lang='lat' dir='ltr'><em>ieiunant</em></span> <span class='ocrx_word' id='word_1_383' title='bbox 698 4429 768 4470; x_wconf 74' lang='lat' dir='ltr'><em>deest.</em></span> 
     </span>
    </p>
   </div>
   <div class='ocr_carea' id='block_1_5' title="bbox 0 0 1546 5138">
    <p class='ocr_par' dir='ltr' id='par_1_6' title="bbox 0 0 1546 5138">
     <span class='ocr_line' id='line_1_51' title="bbox 0 0 1546 5138; baseline 0 3"><span class='ocrx_word' id='word_1_384' title='bbox 0 0 1546 5138; x_wconf 95' lang='lat' dir='ltr'><em> </em></span> 
     </span>
    </p>
   </div>
  </div>
 </body>
</html>
