3082 5138
170 523 238 567 can.
254 509 325 592 uu]
559 527 663 575 tintus
684 527 778 575 rans.

167 706 206 761 ad
230 706 363 780 laqueum
380 723 465 780 quam
491 706 664 761 liternilitate.
678 705 788 761 vertiam
808 706 979 779 deprecatus
996 716 1046 760 est.
1078 705 1156 773 Qua-

165 803 290 868 propter
323 794 444 848 multum
475 794 594 849 interest
623 793 703 868 quali
721 793 880 867 penitencie
910 792 1043 868 ignoscat
1067 793 1155 848 Deus.

168 879 257 935 blulti
288 879 361 936 enirn
395 880 487 935 rrtzilto
519 880 607 935 cicius
636 899 668 936 se
689 881 829 954 fatentur
852 898 988 954 peccasse
1010 890 1095 953 atque
1118 880 1157 934 ita

167 967 404 1039 sibisnccensent,
422 978 452 1022 ut
470 968 652 1023 veliementer
667 985 698 1022 se
706 985 843 1043 peccasse
860 967 977 1036 nollent,
994 967 1046 1022 sed
1062 977 1157 1023 tamen

144 1055 293 1110 banimum
327 1055 367 1110 ad
398 1055 608 1110 lnoniliandnm
641 1065 668 1110 et
695 1073 747 1110 cor
781 1054 967 1109 obterendum
997 1053 1156 1129 imploran-

168 1142 290 1216 damque
314 1142 426 1198 vernam
459 1160 514 1197 non
544 1143 697 1218 depontmt,
728 1160 814 1216 quarn
844 1141 945 1197 inentis
973 1141 1156 1215 affeccionem

165 1240 290 1304 propter
308 1229 425 1304 peccati
446 1229 676 1307 magnitudinem
707 1229 762 1283 iam
793 1228 829 1284 de
858 1228 1068 1303 dampnacione
1090 1227 1157 1284 illos

168 1316 274 1372 babere
297 1317 473 1373 credendum
498 1327 548 1372 est.

210 1403 250 1458 Et
273 1402 327 1458 boc
350 1414 392 1459 est
406 1403 494 1478 sorte
514 1421 639 1477 peccare
662 1403 690 1457 in
714 1402 855 1477 Spiritum
879 1402 1028 1473 Sanctum,
1052 1402 1082 1456 id
1104 1414 1156 1474 est,
1167 1411 1226 1454 Tuis
1243 1410 1264 1470 js
1279 1411 1316 1452 ine
1331 1412 1367 1453 sin

130 1508 159 1541 to
166 1508 221 1566 per
244 1489 389 1546 ntaliciam
414 1501 440 1546 et
464 1490 603 1546 invidiam
620 1491 795 1565 fraternam
813 1508 987 1567 oppugnare
1003 1490 1155 1546 caritatem
1167 1465 1364 1571 noadaiiffidifm

166 1588 232 1653 post
260 1589 408 1653 acceptam
433 1577 561 1654 Spiritus
590 1578 690 1633 Sancti
715 1576 850 1654 graciam
858 1598 867 1645 ;
897 1578 975 1652 qnod
1004 1589 1154 1652 peccatum
1199 1568 1347 1663 ξξῑὼᾞξῦξῑι(

170 1664 312 1721 Dominus
335 1683 424 1740 neque
446 1665 493 1720 bic
515 1683 605 1741 neque
627 1664 655 1720 in
677 1664 786 1739 futuro
814 1664 911 1720 seculo
942 1664 1049 1719 dimitti
1077 1664 1155 1721 dicit.
1172 1652 1365 1728 againucnirity

172 1752 253 1808 Unde
282 1753 367 1828 queri
396 1763 492 1828 potest
527 1764 624 1808 utrum
663 1752 690 1807 in
724 1751 864 1827 Spiritum
899 1753 1036 1806 Sanctum
1076 1751 1158 1807 ludei
1186 1726 1354 1838 feccsssffissmc

168 1840 361 1915 peccauerint,
394 1840 510 1914 quando
543 1840 684 1896 dixerunt
706 1839 784 1914 quod
815 1838 842 1893 iu
875 1838 988 1893 nomine
1010 1839 1155 1918 Belqebub
1185 1843 1259 1937 ⁸³¹}ss
1262 1832 1344 1925 {31⁸¹ss

130 1929 158 1979 15
166 1926 307 2002 principis
326 1927 525 1982 demoniorum
544 1926 676 1983 demonia
694 1925 837 1981 Dominus
860 1925 1032 2002 expelleret,
1057 1937 1154 1981 utrum
1303 1914 1307 1924 ¹

170 2015 223 2070 boc
246 2014 273 2069 in
297 2014 391 2090 ipsum
416 2014 573 2069 Dominum
603 2014 710 2069 dictum
739 2012 925 2087 accipiamus,
958 2012 1023 2086 quia
1059 2013 1094 2068 de
1126 2031 1157 2069 se

170 2101 238 2157 dicit
269 2101 328 2157 alio
361 2101 439 2157 loco:
472 2100 505 2155 Si
531 2101 604 2157 enim
626 2099 877 2176 patremfamilias
901 2100 1046 2180 Belqebnb
1072 2118 1155 2157 roca-

171 2199 283 2258 verunt,
307 2199 412 2262 quanto
437 2187 533 2265 magis
567 2187 739 2244 domesticos
767 2187 841 2242 eins:
872 2188 916 2242 An
948 2186 1083 2261 qnoniam
1116 2188 1157 2243 in·

172 2275 299 2331 nidencia
320 2275 459 2331 dixerant
475 2275 588 2351 ingrati
609 2287 668 2330 tam
682 2274 865 2350 presentibus
888 2274 1040 2349 beneficiis
1057 2293 1156 2350 quam-

129 2362 214 2417 eouis
257 2363 382 2418 nondum
421 2362 574 2433 christiani
600 2363 729 2437 suerint,
770 2373 865 2416 tamen
901 2373 1027 2438 propter
1065 2362 1156 2437 ipsam

171 2449 329 2505 inuidencie
361 2449 592 2526 iitagnitudinem
629 2450 657 2505 in
682 2448 823 2525 Spiritum
853 2450 990 2504 Sanctum
1021 2467 1158 2524 peccasse

171 2536 308 2592 credendi
329 2536 418 2592 sum?
441 2537 506 2591 Non
531 2537 603 2592 enim
625 2537 678 2591 ltoc
695 2536 846 2614 colligitur
863 2536 898 2591 de
916 2536 1010 2591 uerbis
1026 2536 1155 2592 Domini.

176 2623 317 2690 Quamuis
354 2623 428 2678 enim
466 2624 565 2679 eodem
604 2624 667 2679 loco
709 2623 834 2679 dixerit:
876 2623 1045 2697 Quicunque
1083 2623 1156 2679 enim

172 2710 282 2767 dixerit
302 2711 420 2765 verbum
438 2729 558 2786 nequam
575 2711 718 2766 aduersus
725 2709 824 2786 filium
843 2710 975 2776 leontinis,
994 2710 1159 2765 rcnn'ttetur

130 2798 209 2853 aiei:
232 2798 281 2872 qui
298 2808 393 2852 autem
416 2797 526 2853 dixerit
546 2799 663 2853 verbum
688 2797 832 2852 adversus
848 2796 989 2872 Spiritum
1007 2796 1157 2863 Sanctum,

172 2903 225 2940 non
251 2883 417 2940 remittetur
448 2884 475 2940 ei
506 2902 594 2960 neque
625 2883 652 2939 in
681 2884 735 2939 hoc
762 2884 858 2940 seculo
882 2902 971 2960 neque
993 2884 1021 2938 in
1036 2884 1157 2958 ficturo.

176 2971 282 3026 Tamen
307 2971 402 3026 rideri
420 2983 517 3048 potest
540 2972 579 3026 ad
602 2972 655 3027 hoc
679 2990 727 3027 eos
750 2971 895 3027 tnonnisse
911 2982 942 3025 nt
957 2972 1097 3027 accedant
1119 2972 1158 3026 ad

171 3059 305 3135 graciam
330 3070 445 3135 etpost
468 3070 616 3134 acceptam
639 3058 774 3136 graciam
808 3076 862 3113 non
898 3057 937 3112 ita
967 3070 1095 3133 peccent,
1128 3070 1158 3114 ut

171 3163 244 3201 ntinc
264 3157 469 3221 peccauerunt.
496 3146 581 3202 Nunc
604 3158 698 3201 aretem
724 3145 853 3200 lzornines
872 3145 1003 3220 infideles
1019 3145 1158 3202 dixerunt

129 3233 289 3288 Souerbum
315 3252 435 3308 nequam
460 3233 488 3287 in
504 3233 602 3310 filium
628 3232 760 3298 bominis,
789 3243 815 3288 et
840 3243 937 3308 potest
969 3232 1010 3289 eis
1043 3233 1157 3304 dimitti,

170 3319 195 3374 si
217 3320 352 3375 conuersi
365 3320 484 3394 scierint
508 3332 534 3375 et
558 3321 585 3377 ei
606 3318 785 3375 crediderint
808 3332 834 3374 et
859 3319 1002 3394 Spiritum
1020 3321 1157 3376 Sanctum

171 3407 343 3481 acceperint.
373 3408 436 3474 Quo
461 3419 577 3482 accepto
595 3407 622 3462 si
628 3407 819 3481 fraternitati
833 3406 964 3463 invidere
980 3418 1007 3461 et
1022 3408 1157 3484 graciam

170 3510 256 3567 quam
289 3506 461 3569 acceperunt
495 3513 667 3571 oppugnare
703 3493 856 3564 voluerint,
891 3513 946 3548 non
979 3494 1019 3549 eis
1053 3493 1160 3549 dimitti

171 3598 260 3655 neque
291 3581 336 3637 nic
367 3599 456 3656 neque
489 3581 516 3636 in
542 3581 693 3655 stetinum.
728 3582 803 3636 Nam
839 3582 865 3635 si
894 3599 942 3637 eos
970 3581 1090 3636 baberet
1116 3581 1159 3636 sic

129 3668 396 3742 bicondempnatos
419 3680 449 3723 ut
473 3669 553 3723 ncilla
576 3687 642 3744 spes
665 3666 724 3723 illis
741 3669 851 3743 reliqua
876 3680 958 3740 esset,
983 3687 1038 3725 non
1062 3669 1158 3725 adhuc

172 3755 327 3811 monendos
366 3755 517 3821 iudicaret,
556 3775 619 3811 eum
658 3755 772 3810 addidit
811 3755 923 3811 dicens:
968 3756 1025 3811 Aut
1063 3756 1159 3830 jacite

170 3842 306 3898 arborem
324 3844 427 3898 bonam
444 3854 471 3898 et
480 3843 618 3917 fructum
636 3842 696 3897 eius
713 3842 834 3912 bomnn;
849 3853 898 3897 aut
908 3842 1005 3916 facite
1020 3843 1156 3898 arborem

171 3928 278 3983 rizelam
304 3940 330 3985 et
347 3929 485 4004 fructum
510 3931 570 3985 eius
594 3930 714 3985 malum.
741 3932 802 3985 Hec
825 3928 1019 4003 Augustinus.
1043 3923 1048 4011 l

222 4192 241 4222 2.
258 4181 443 4236 B:peniteneia.
524 4184 743 4231 .1.B:successent.
824 4181 1159 4236 o.Ai111narg.:()uidest

167 4245 264 4288 peccare
273 4234 296 4276 r'n
307 4234 421 4288 Spiritum
430 4235 540 4277 Sanctum
550 4235 674 4278 secundum
682 4235 846 4291 angustinum.
901 4247 933 4285 ιι.
950 4234 979 4277 Β;
993 4239 1156 4289 peccaverunt.

170 4298 201 4337 14.
218 4286 246 4330 15.
263 4288 295 4330 A:
311 4287 336 4329 in
352 4287 463 4342 ttetqetnb
475 4287 590 4342 principe.
645 4287 678 4342 37.
695 4290 728 4330 A:
743 4289 827 4330 bonam
841 4311 866 4318 -
881 4288 988 4330 arborem
1004 4287 1075 4330 deest.

227 4395 263 4444 15.
295 4393 385 4444 binah.
418 4395 469 4456 ΧΗ,
500 4409 544 4457 24:
573 4397 650 4445 Marci
675 4397 705 4458 ll,
734 4399 774 4448 23.
885 4411 922 4459 ¹7·
949 4395 1037 4446 ttatth.
1061 4397 1091 4457 X,
1117 4395 1156 4446 25.

171 4465 210 4514 23.
231 4464 321 4514 Matth.
341 4465 395 4526 ΧΗ,
416 4466 456 4517 32.
529 4463 569 4516 36.
590 4466 632 4526 ib.,
653 4468 693 4517 23.
