3082 5138
224 478 284 550 278
752 492 841 542 oens
861 491 1112 541 svenoeiscon
1300 470 1385 552 [ω’.
1401 481 1429 525 x·

223 661 386 731 Ιιοίιιινγιιιιι
403 661 429 702 he
484 652 565 717 Item,
597 652 663 706 Fiat
688 653 820 707 voluntas
847 664 897 707 tua
926 663 1003 707 recte
1030 650 1216 726 intelligitur,
1248 648 1430 704 obaudiatur

243 716 407 815 d‘l'ffffinl'ssssn*
437 738 583 814 preceptis
606 739 672 805 tuis,
700 740 773 795 sicut
796 741 824 794 in
848 740 909 795 celo
934 752 959 794 et
983 740 1011 793 in
1034 750 1127 809 terro,
1157 738 1188 791 id
1211 748 1263 806 est,
1291 736 1367 791 sicut
1391 734 1428 789 ab

235 814 374 913 0013332315
389 819 416 859 ¹¹⁰
439 827 553 902 angelis
576 827 603 881 in
627 826 705 896 celis,
728 828 769 882 sic
785 839 811 882 et
827 828 863 882 ab
880 827 1041 882 hominibus
1066 827 1094 880 in
1119 837 1202 880 terra
1219 823 1426 878 babitantibus.

316 885 329 927 y
371 902 375 912 ’
440 913 516 967 Ναιιι
536 913 611 987 fieri
638 915 814 970 voluntatem
839 915 905 985 Dei,
937 932 1001 970 cnm
1032 914 1251 989 obtemperatur
1278 909 1429 986 preceptis

439 1000 509 1070 eins,
542 1001 603 1076 ipse
625 1002 769 1057 Dominus
791 1013 925 1071 testatur,
952 1020 1017 1056 cnm
1042 1001 1127 1056 dicit:
1158 1000 1243 1055 Mens
1277 999 1357 1054 cibus
1386 999 1456 1051 est5

440 1098 470 1142 ut
493 1087 610 1160 sociam
639 1090 813 1145 uoluntatem
843 1089 903 1145 eius
931 1089 979 1163 qui
1006 1089 1083 1143 misit
1112 1106 1166 1154 me,
1195 1097 1222 1141 et
1244 1103 1327 1161 sepe:
1360 1085 1429 1140 Non

442 1175 507 1230 veni
519 1175 628 1248 jacere
652 1177 827 1232 uoluntatem
852 1195 944 1231 ineam
969 1176 1022 1232 sed
1044 1175 1104 1230 eius
1128 1175 1177 1249 qni
1199 1174 1276 1228 misit
1297 1192 1352 1231 me.
1388 1171 1430 1225 Et

440 1279 504 1316 cum
521 1263 576 1316 ait:
599 1263 676 1319 Ecce
692 1275 787 1319 mater
802 1281 865 1318 mea
886 1274 912 1319 et
929 1281 994 1319 ecce
1002 1264 1124 1336 fratres
1139 1262 1205 1328 mei,
1221 1272 1248 1316 et
1263 1258 1431 1336 subiungit:

441 1348 479 1402 Et
495 1349 654 1425 quicunque
661 1351 772 1424 fecerit
789 1351 963 1406 uoluntatem
978 1350 1076 1426 patris
1091 1349 1157 1415 mei,
1180 1348 1227 1403 hic
1242 1347 1315 1402 mihi
1320 1348 1432 1421 frater

439 1446 481 1491 est
504 1447 531 1490 et
554 1454 643 1492 soror
664 1449 691 1492 et
714 1449 818 1495 mater.
842 1439 939 1514 igitur
961 1438 1010 1512 qui
1021 1437 1141 1511 faciunt
1165 1436 1341 1492 voluntatem
1362 1432 1430 1503 Dei,
1445 1451 1477 1484 ιο

440 1523 468 1578 in
500 1523 559 1578 illis
591 1525 686 1600 ntique
705 1518 710 1604 Ι
721 1525 761 1601 fit
795 1525 929 1580 uoluntas
956 1525 1028 1580 Dei:
1060 1543 1116 1580 non
1143 1524 1210 1600 qnia
1231 1522 1364 1596 jaciunt,
1398 1530 1431 1576 nt
1463 1521 1524 1575 383¹

442 1610 509 1665 netu
531 1611 623 1677 Deus,
646 1613 699 1668 sed
720 1613 787 1687 quia
810 1613 866 1687 ipsi
880 1613 1000 1686 jaciunt
1022 1612 1102 1686 qnod
1124 1610 1186 1666 uult
1205 1611 1295 1669 Dens.
1320 1610 1351 1663 id
1374 1619 1430 1678 est,

434 1696 553 1769 jaciunt
576 1700 733 1754 secundnm
760 1701 935 1755 uoluntatem
960 1699 1028 1755 eins.

260 1791 395 1845 oritmay
487 1784 539 1839 Est
567 1786 656 1841 eciam
685 1787 734 1841 ille
762 1787 938 1843 intellectus:
969 1787 1037 1842 Fiat
1066 1786 1200 1840 uoluntas
1223 1797 1273 1840 tna
1300 1785 1376 1840 sicut
1401 1782 1432 1837 in

225 1843 502 1939 fflifffigi1Jhfficelo
526 1883 552 1926 et
575 1873 604 1927 in
627 1883 720 1943 terra,
744 1885 771 1929 et
793 1874 866 1929 sicut
889 1875 916 1929 in
940 1873 1048 1929 sanctis
1071 1884 1098 1928 et
1119 1872 1211 1943 iustis,
1234 1872 1273 1927 ita
1290 1872 1383 1927 eciam
1400 1870 1431 1924 in
1447 1872 1476 1922 ιδ

236 1949 421 2043 'sibisibi-iiiiii
436 1959 648 2033 peccatoribus.
671 1961 758 2027 Quod
773 1961 863 2016 eciam
880 1961 977 2017 adhuc
987 1961 1098 2015 duobus
1109 1960 1203 2015 modis
1212 1970 1307 2036 potest
1324 1957 1431 2032 accipi,

264 2053 392 2107 righteous.
440 2045 501 2101 sive
532 2059 562 2101 nt
594 2065 710 2103 oremus
737 2048 826 2103 eciam
847 2067 905 2124 pro
937 2047 1059 2103 inimicis
1091 2047 1209 2118 nostris,
1237 2046 1321 2123 (quid
1352 2045 1431 2101 enim

441 2133 522 2187 aliud
553 2146 620 2190 sunt
651 2135 783 2204 habendi,
818 2147 919 2191 contra
942 2154 1066 2211 quorum
1092 2135 1267 2190 voluntatem
1290 2132 1432 2189 christia-

442 2239 508 2274 num
533 2231 560 2276 et
587 2223 759 2277 catholicum
788 2240 890 2278 nomen
918 2223 1082 2300 angeturP)
1111 2233 1141 2276 ut
1169 2221 1208 2276 ita
1238 2222 1346 2277 dictum
1377 2220 1434 2275 sit:

441 2307 509 2362 Fiat
539 2309 673 2364 voluntas
696 2321 744 2365 tua
768 2310 842 2365 sicut
864 2310 892 2365 in
916 2311 976 2365 celo
1000 2321 1026 2364 et
1049 2310 1078 2364 in
1101 2319 1194 2377 terra,
1229 2320 1380 2384 tamqnam
1404 2307 1435 2363 si
1445 2326 1479 2359 20

443 2395 604 2450 diceretur:
627 2397 749 2452 Faciant
774 2397 949 2452 uoluntatem
973 2409 1052 2452 tuam
1076 2397 1150 2451 sicut
1169 2396 1245 2465 insti,
1270 2397 1310 2451 ita
1334 2395 1431 2450 eciam

438 2493 619 2556 peccatores.
643 2494 673 2537 nt
695 2484 736 2538 ad
758 2496 786 2540 te
808 2495 1026 2541 convertantur.
1051 2485 1118 2538 Sine
1134 2484 1189 2538 ita:
1208 2483 1275 2538 Fiat
1292 2483 1434 2540 uoluntas

441 2580 490 2624 tua
522 2568 595 2624 sicut
623 2569 651 2624 in
682 2572 743 2627 celo
767 2583 793 2626 et
816 2572 844 2626 in
868 2582 961 2639 terra,
991 2582 1021 2625 nt
1043 2590 1096 2626 sua
1120 2570 1221 2645 cuique
1243 2571 1435 2637 tribuantnr;

442 2656 519 2730 quod
537 2656 577 2731 fit
606 2656 633 2711 in
661 2657 766 2714 indicio
795 2670 939 2728 extremo,
972 2671 1002 2714 nt
1030 2658 1113 2713 iustis
1132 2658 1291 2732 premium,
1322 2674 1435 2733 pecca-

442 2743 555 2798 toribus
585 2745 758 2819 snpplicium
787 2745 848 2801 sive
876 2745 1050 2820 dampnatio
1078 2745 1236 2815 tribuatur,
1266 2764 1331 2801 cnm
1357 2743 1480 2822 agnini

354 2854 357 2857 ·
442 2831 478 2885 ab
501 2830 563 2886 edis
585 2843 771 2906 separantur.
1507 2898 1510 2903 ,

226 2924 261 2966 Or
274 2925 291 2997 {t
306 2935 360 2978 may
376 2924 432 2965 bea
485 2916 539 2972 Ille
561 2918 652 2973 eciam
676 2938 732 2974 non
755 2920 911 2985 absurdus,
929 2939 1038 2998 ymmo
1062 2931 1088 2975 et
1103 2919 1180 2995 fidei
1202 2931 1228 2975 et
1251 2919 1314 2994 spei
1329 2929 1436 2975 nostre

226 2976 374 3083 Ρῇἶζῗῖὧᾞ
387 2988 729 3070 filfconvenienissimns
756 3006 918 3062 intellectus
945 3020 997 3075 est,
1030 3019 1061 3062 nt
1088 3018 1115 3063 et
1142 3007 1234 3062 celum
1263 3018 1291 3063 et
1314 3017 1434 3062 terram

238 3082 425 3191 ὴξᾞζξέζζᾞξξὴ
442 3092 628 3166 accipiamus,
656 3093 790 3168 spiritum
815 3104 842 3149 et
864 3113 992 3151 carnem.
1026 3095 1066 3149 Et
1089 3094 1233 3169 quomodo
1257 3093 1326 3149 dicit
1349 3095 1434 3168 Apo·

251 3185 306 3246 Gon
320 3198 404 3247 sspur
442 3179 550 3235 stolus:
573 3180 671 3236 Mente
693 3181 789 3235 servio
814 3182 875 3257 legi
900 3182 964 3247 Dei,
992 3200 1081 3237 carne
1103 3192 1199 3238 antem
1224 3182 1285 3258 legi
1304 3180 1434 3256 peccati,
1448 3185 1482 3234 30

271 3246 382 3293 ΨΜ
443 3266 573 3322 videmus
603 3268 720 3341 jactam
760 3268 936 3324 uoluntatem
970 3268 1028 3323 Dei
1060 3271 1087 3323 in
1120 3279 1223 3337 mente,
1261 3269 1292 3323 id
1324 3279 1369 3324 est
1403 3267 1434 3322 in

442 3354 557 3429 spiritu.
595 3355 666 3409 Cum
695 3367 790 3410 autem
819 3357 958 3431 absorpta
981 3357 1080 3430 suerit
1107 3375 1189 3412 mors
1216 3357 1244 3411 in
1274 3355 1433 3411 uictoriam

443 3453 469 3496 et
498 3443 624 3498 mortale
652 3443 706 3498 hoc
729 3443 856 3498 induerit
880 3443 1142 3512 immortalitatem,
1174 3444 1253 3518 qnod
1267 3442 1307 3518 fit
1331 3442 1435 3498 carnis

444 3530 662 3585 resurreccione
701 3541 787 3604 atque
826 3530 877 3585 illa
914 3531 1117 3586 immutacione
1153 3549 1207 3605 que
1242 3530 1326 3586 iustis
1355 3548 1433 3605 pro-

444 3615 569 3669 mittitur
591 3616 748 3671 secnndum
773 3617 901 3672 eiusdem
929 3618 1063 3692 Apostoli
1086 3618 1333 3693 predicacionem,
1361 3619 1479 3672 tnnc35

434 3701 491 3778 fiet
515 3703 648 3759 voluntas
671 3705 729 3759 Dei
751 3704 778 3758 in
802 3715 884 3759 terra
907 3705 981 3760 sicut
1005 3706 1032 3760 in
1057 3706 1128 3777 celo,
1158 3706 1189 3759 id
1211 3715 1263 3773 est,
1288 3704 1431 3779 quemad-

444 3791 562 3846 modum
599 3790 720 3865 spiritus
757 3809 812 3848 non
851 3792 960 3848 resistit
993 3793 1055 3849 Deo
1093 3810 1213 3867 sequens
1251 3802 1278 3848 et
1309 3792 1435 3865 jaciens

444 3877 620 3934 voluntatem
649 3878 719 3951 eius,
751 3879 791 3934 ita
823 3890 850 3935 et
883 3897 990 3953 corpus
1013 3899 1068 3936 non
1093 3880 1210 3935 resistat
1237 3879 1357 3953 spiritui
1385 3879 1436 3935 vel

495 4143 511 4174 ι.
532 4132 565 4173 A:
589 4132 722 4175 obauditur.
801 4144 825 4182 4.
845 4132 874 4174 13:
898 4131 950 4174 Non
963 4133 1030 4186 fieri.
1110 4143 1132 4186 9·
1152 4133 1186 4175 A:
1210 4133 1355 4175 voluntatem
1379 4133 1435 4175 Dei.

444 4200 475 4242 ni.
491 4203 525 4243 A:
540 4201 612 4243 eciam
627 4203 698 4245 deest.
768 4212 800 4256 ¹9·
816 4203 849 4243 A:
864 4207 889 4244 ut
903 4203 936 4243 ita
947 4197 997 4244 ῖῐῆι
1012 4203 1071 4255 (ιιι).
1139 4201 1170 4245 25.
1186 4203 1220 4245 A:
1235 4202 1286 4244 siue
1299 4203 1436 4257 dampnum.

443 4264 478 4306 ιι).
494 4256 526 4294 A:
542 4255 657 4308 qnoniam.
738 4252 772 4297 32.
787 4254 820 4295 A:
836 4255 944 4296 uictoria.
1024 4254 1059 4298 30.
1075 4257 1108 4296 A:
1123 4256 1196 4297 idest
1210 4261 1247 4304 nt,·
1267 4254 1296 4297 B:
1312 4260 1338 4297 ut
1352 4255 1380 4297 id
1393 4260 1436 4298 est.

495 4359 520 4407 ii.
539 4361 598 4408 joh.
618 4362 659 4420 IV,
679 4364 718 4424 34
809 4377 832 4426 7.
849 4361 907 4411 Joh.
922 4363 964 4422 Vl,
979 4363 1019 4413 38.
1107 4362 1132 4408 8.
1150 4361 1240 4410 Manli.
1256 4363 1312 4423 Xll,
1329 4378 1374 4428 49,
1395 4363 1437 4410 50.

446 4429 485 4478 25.
506 4431 595 4478 nauh.
608 4432 686 4490 XXV,
707 4434 746 4483 33.
819 4434 859 4482 30.
880 4433 954 4480 Rom¹
970 4433 1022 4491 Vll,
1038 4442 1078 4494 25.
1151 4434 1191 4482 32.
1211 4432 1229 4480 1.
1244 4433 1304 4481 Cor.
1318 4433 1376 4493 XV,
1395 4432 1437 4496 54.
