<?xml version="1.0" encoding="UTF-8"?>
<!DOCTYPE html PUBLIC "-//W3C//DTD XHTML 1.0 Transitional//EN"
    "http://www.w3.org/TR/xhtml1/DTD/xhtml1-transitional.dtd">
<html xmlns="http://www.w3.org/1999/xhtml" xml:lang="en" lang="en">
 <head>
  <title>
</title>
<meta http-equiv="Content-Type" content="text/html;charset=utf-8" />
  <meta name='ocr-system' content='tesseract 3.04.00' />
  <meta name='ocr-capabilities' content='ocr_page ocr_carea ocr_par ocr_line ocrx_word'/>
</head>
<body>
  <div class='ocr_page' id='page_1' title='image "./iohanniswyclifo00wyclgoog_0470.png"; bbox 0 0 3082 5138; ppageno 0'>
   <div class='ocr_carea' id='block_1_1' title="bbox 115 426 746 510">
    <p class='ocr_par' dir='ltr' id='par_1_1' title="bbox 115 426 746 510">
     <span class='ocr_line' id='line_1_1' title="bbox 115 426 746 510; baseline 0.011 -25"><span class='ocrx_word' id='word_1_1' title='bbox 115 441 182 485; x_wconf 75' lang='lat' dir='ltr'><em>cin.</em></span> <span class='ocrx_word' id='word_1_2' title='bbox 200 426 263 510; x_wconf 71' lang='lat' dir='ltr'><em>iu]</em></span> <span class='ocrx_word' id='word_1_3' title='bbox 468 444 628 493; x_wconf 75' lang='lat' dir='ltr'><strong>SECUNDA</strong></span> <span class='ocrx_word' id='word_1_4' title='bbox 651 443 746 492; x_wconf 69' lang='lat' dir='ltr'>PARS.</span> 
     </span>
    </p>
   </div>
   <div class='ocr_carea' id='block_1_2' title="bbox 11 604 1317 3823">
    <p class='ocr_par' dir='ltr' id='par_1_2' title="bbox 11 604 1317 3823">
     <span class='ocr_line' id='line_1_2' title="bbox 118 604 1103 681; baseline 0 -18"><span class='ocrx_word' id='word_1_5' title='bbox 118 605 261 663; x_wconf 90' lang='lat' dir='ltr'><em>calumnie</em></span> <span class='ocrx_word' id='word_1_6' title='bbox 285 605 441 661; x_wconf 84' lang='lat' dir='ltr'><em>inueniant.</em></span> <span class='ocrx_word' id='word_1_7' title='bbox 466 605 507 660; x_wconf 86' lang='lat' dir='ltr'><em>Et</em></span> <span class='ocrx_word' id='word_1_8' title='bbox 529 605 593 660; x_wconf 90' lang='lat' dir='ltr'><em>ideo</em></span> <span class='ocrx_word' id='word_1_9' title='bbox 623 604 797 679; x_wconf 92' lang='lat' dir='ltr'><em>simpliciter</em></span> <span class='ocrx_word' id='word_1_10' title='bbox 820 604 955 661; x_wconf 76' lang='lat' dir='ltr'><em>audiebat</em></span> <span class='ocrx_word' id='word_1_11' title='bbox 975 606 1103 681; x_wconf 88' lang='lat' dir='ltr'><em>populus</em></span> 
     </span>
     <span class='ocr_line' id='line_1_3' title="bbox 117 690 1103 769; baseline -0.001 -19"><span class='ocrx_word' id='word_1_12' title='bbox 117 693 253 769; x_wconf 80' lang='lat' dir='ltr'><em>simplex.</em></span> <span class='ocrx_word' id='word_1_13' title='bbox 293 691 326 747; x_wconf 90' lang='lat' dir='ltr'><em>Si</em></span> <span class='ocrx_word' id='word_1_14' title='bbox 355 702 451 747; x_wconf 88' lang='lat' dir='ltr'><em>autem</em></span> <span class='ocrx_word' id='word_1_15' title='bbox 483 690 575 767; x_wconf 79' lang='lat' dir='ltr'><em>aliqui</em></span> <span class='ocrx_word' id='word_1_16' title='bbox 595 710 695 747; x_wconf 93' lang='lat' dir='ltr'><em>eorum</em></span> <span class='ocrx_word' id='word_1_17' title='bbox 728 692 886 767; x_wconf 74' lang='lat' dir='ltr'><em>affuissent,</em></span> <span class='ocrx_word' id='word_1_18' title='bbox 923 692 985 748; x_wconf 88' lang='lat' dir='ltr'><em>sine</em></span> <span class='ocrx_word' id='word_1_19' title='bbox 1016 693 1103 750; x_wconf 90' lang='lat' dir='ltr'><em>dubio</em></span> 
     </span>
     <span class='ocr_line' id='line_1_4' title="bbox 117 778 1101 856; baseline -0.003 -18"><span class='ocrx_word' id='word_1_20' title='bbox 117 780 265 838; x_wconf 91' lang='lat' dir='ltr'><em>silencium</em></span> <span class='ocrx_word' id='word_1_21' title='bbox 294 790 322 836; x_wconf 89' lang='lat' dir='ltr'><em>et</em></span> <span class='ocrx_word' id='word_1_22' title='bbox 342 778 520 856; x_wconf 80' lang='lat' dir='ltr'><em>grauitatem</em></span> <span class='ocrx_word' id='word_1_23' title='bbox 550 779 663 854; x_wconf 82' lang='lat' dir='ltr'><em>populi,</em></span> <span class='ocrx_word' id='word_1_24' title='bbox 700 778 774 834; x_wconf 89' lang='lat' dir='ltr'><em>sicut</em></span> <span class='ocrx_word' id='word_1_25' title='bbox 811 778 936 835; x_wconf 88' lang='lat' dir='ltr'><em>consulti</em></span> <span class='ocrx_word' id='word_1_26' title='bbox 964 779 1101 855; x_wconf 88' lang='lat' dir='ltr'><em>juerant,</em></span> 
     </span>
     <span class='ocr_line' id='line_1_5' title="bbox 118 865 1103 942; baseline -0.002 -17"><span class='ocrx_word' id='word_1_27' title='bbox 118 866 399 926; x_wconf 88' lang='lat' dir='ltr'><em>contradiccionibus</em></span> <span class='ocrx_word' id='word_1_28' title='bbox 442 865 503 922; x_wconf 91' lang='lat' dir='ltr'><em>suis</em></span> <span class='ocrx_word' id='word_1_29' title='bbox 535 866 765 935; x_wconf 77' lang='lat' dir='ltr'><em>conturbassent,</em></span> <span class='ocrx_word' id='word_1_30' title='bbox 809 866 876 942; x_wconf 85' lang='lat' dir='ltr'><em>quia</em></span> <span class='ocrx_word' id='word_1_31' title='bbox 923 866 971 922; x_wconf 88' lang='lat' dir='ltr'><em>ubi</em></span> <span class='ocrx_word' id='word_1_32' title='bbox 1007 868 1103 923; x_wconf 90' lang='lat' dir='ltr'><em>maior</em></span> 
     </span>
     <span class='ocr_line' id='line_1_6' title="bbox 94 952 1103 1029; baseline 0.002 -19"><span class='ocrx_word' id='word_1_33' title='bbox 94 955 251 1027; x_wconf 71' lang='lat' dir='ltr'><em>§sciencia,</em></span> <span class='ocrx_word' id='word_1_34' title='bbox 274 953 313 1010; x_wconf 90' lang='lat' dir='ltr'><em>ibi</em></span> <span class='ocrx_word' id='word_1_35' title='bbox 334 952 449 1010; x_wconf 79' lang='lat' dir='ltr'><em>malicia</em></span> <span class='ocrx_word' id='word_1_36' title='bbox 465 953 598 1029; x_wconf 79' lang='lat' dir='ltr'><em>sortior.</em></span> <span class='ocrx_word' id='word_1_37' title='bbox 627 952 685 1020; x_wconf 86' lang='lat' dir='ltr'><em>Qui</em></span> <span class='ocrx_word' id='word_1_38' title='bbox 707 963 802 1009; x_wconf 87' lang='lat' dir='ltr'><em>autem</em></span> <span class='ocrx_word' id='word_1_39' title='bbox 818 954 1018 1029; x_wconf 77' lang='lat' dir='ltr'><em>festinaverat</em></span> <span class='ocrx_word' id='word_1_40' title='bbox 1040 972 1103 1012; x_wconf 87' lang='lat' dir='ltr'><em>esse</em></span> 
     </span>
     <span class='ocr_line' id='line_1_7' title="bbox 115 1039 1100 1119; baseline -0.001 -22"><span class='ocrx_word' id='word_1_41' title='bbox 115 1042 212 1118; x_wconf 87' lang='lat' dir='ltr'><em>prior,</em></span> <span class='ocrx_word' id='word_1_42' title='bbox 245 1039 368 1119; x_wconf 83' lang='lat' dir='ltr'><em>difficile</em></span> <span class='ocrx_word' id='word_1_43' title='bbox 394 1051 542 1097; x_wconf 89' lang='lat' dir='ltr'><em>contentus</em></span> <span class='ocrx_word' id='word_1_44' title='bbox 569 1040 625 1097; x_wconf 85' lang='lat' dir='ltr'><em>erit</em></span> <span class='ocrx_word' id='word_1_45' title='bbox 648 1057 710 1097; x_wconf 90' lang='lat' dir='ltr'><em>esse</em></span> <span class='ocrx_word' id='word_1_46' title='bbox 736 1040 887 1097; x_wconf 91' lang='lat' dir='ltr'><em>secundus.</em></span> <span class='ocrx_word' id='word_1_47' title='bbox 925 1040 1004 1097; x_wconf 83' lang='lat' dir='ltr'><em>Erat</em></span> <span class='ocrx_word' id='word_1_48' title='bbox 1026 1041 1100 1098; x_wconf 91' lang='lat' dir='ltr'><em>enim</em></span> 
     </span>
     <span class='ocr_line' id='line_1_8' title="bbox 119 1127 1102 1203; baseline 0 -17"><span class='ocrx_word' id='word_1_49' title='bbox 119 1130 224 1186; x_wconf 89' lang='lat' dir='ltr'><em>docens</em></span> <span class='ocrx_word' id='word_1_50' title='bbox 247 1146 296 1185; x_wconf 92' lang='lat' dir='ltr'><em>eos</em></span> <span class='ocrx_word' id='word_1_51' title='bbox 319 1128 392 1185; x_wconf 91' lang='lat' dir='ltr'><em>sicut</em></span> <span class='ocrx_word' id='word_1_52' title='bbox 411 1138 584 1203; x_wconf 88' lang='lat' dir='ltr'><em>potestatem</em></span> <span class='ocrx_word' id='word_1_53' title='bbox 602 1127 718 1184; x_wconf 86' lang='lat' dir='ltr'><em>babens.</em></span> <span class='ocrx_word' id='word_1_54' title='bbox 748 1127 848 1184; x_wconf 90' lang='lat' dir='ltr'><em>Omnis</em></span> <span class='ocrx_word' id='word_1_55' title='bbox 871 1128 976 1184; x_wconf 94' lang='lat' dir='ltr'><em>doctor</em></span> <span class='ocrx_word' id='word_1_56' title='bbox 998 1147 1102 1186; x_wconf 80' lang='lat' dir='ltr'><em>seruus</em></span> 
     </span>
     <span class='ocr_line' id='line_1_9' title="bbox 118 1215 1103 1293; baseline -0.001 -20"><span class='ocrx_word' id='word_1_57' title='bbox 118 1227 160 1274; x_wconf 92' lang='lat' dir='ltr'><em>est</em></span> <span class='ocrx_word' id='word_1_58' title='bbox 183 1216 268 1293; x_wconf 82' lang='lat' dir='ltr'><em>legis,</em></span> <span class='ocrx_word' id='word_1_59' title='bbox 296 1216 362 1292; x_wconf 79' lang='lat' dir='ltr'><em>quio</em></span> <span class='ocrx_word' id='word_1_60' title='bbox 390 1233 480 1291; x_wconf 80' lang='lat' dir='ltr'><em>neque</em></span> <span class='ocrx_word' id='word_1_61' title='bbox 501 1233 593 1290; x_wconf 90' lang='lat' dir='ltr'><em>supra</em></span> <span class='ocrx_word' id='word_1_62' title='bbox 617 1216 711 1293; x_wconf 82' lang='lat' dir='ltr'><em>legem</em></span> <span class='ocrx_word' id='word_1_63' title='bbox 734 1215 846 1271; x_wconf 83' lang='lat' dir='ltr'><em>addere</em></span> <span class='ocrx_word' id='word_1_64' title='bbox 870 1226 967 1290; x_wconf 89' lang='lat' dir='ltr'><em>potest</em></span> <span class='ocrx_word' id='word_1_65' title='bbox 992 1215 1103 1292; x_wconf 82' lang='lat' dir='ltr'><em>aliquid</em></span> 
     </span>
     <span class='ocr_line' id='line_1_10' title="bbox 116 1302 1102 1379; baseline -0.001 -19"><span class='ocrx_word' id='word_1_66' title='bbox 116 1303 273 1360; x_wconf 90' lang='lat' dir='ltr'><em>secundum</em></span> <span class='ocrx_word' id='word_1_67' title='bbox 300 1303 456 1379; x_wconf 89' lang='lat' dir='ltr'><em>proprium</em></span> <span class='ocrx_word' id='word_1_68' title='bbox 483 1321 567 1358; x_wconf 89' lang='lat' dir='ltr'><em>suum</em></span> <span class='ocrx_word' id='word_1_69' title='bbox 595 1320 709 1360; x_wconf 88' lang='lat' dir='ltr'><em>sensum</em></span> <span class='ocrx_word' id='word_1_70' title='bbox 738 1320 827 1378; x_wconf 79' lang='lat' dir='ltr'><em>neque</em></span> <span class='ocrx_word' id='word_1_71' title='bbox 853 1302 1027 1359; x_wconf 77' lang='lat' dir='ltr'><em>subtrahere</em></span> <span class='ocrx_word' id='word_1_72' title='bbox 1049 1304 1102 1359; x_wconf 91' lang='lat' dir='ltr'><em>ali-</em></span> 
     </span>
     <span class='ocr_line' id='line_1_11' title="bbox 78 1389 1102 1467; baseline -0.002 -18"><span class='ocrx_word' id='word_1_73' title='bbox 78 1391 187 1467; x_wconf 84' lang='lat' dir='ltr'><em>ioquid</em></span> <span class='ocrx_word' id='word_1_74' title='bbox 201 1391 358 1447; x_wconf 88' lang='lat' dir='ltr'><em>seeundum</em></span> <span class='ocrx_word' id='word_1_75' title='bbox 378 1389 535 1466; x_wconf 87' lang='lat' dir='ltr'><em>proprium</em></span> <span class='ocrx_word' id='word_1_76' title='bbox 552 1389 737 1462; x_wconf 89' lang='lat' dir='ltr'><em>intellectum,</em></span> <span class='ocrx_word' id='word_1_77' title='bbox 761 1390 815 1446; x_wconf 90' lang='lat' dir='ltr'><em>sed</em></span> <span class='ocrx_word' id='word_1_78' title='bbox 830 1389 885 1446; x_wconf 86' lang='lat' dir='ltr'><em>boe</em></span> <span class='ocrx_word' id='word_1_79' title='bbox 900 1392 1102 1447; x_wconf 89' lang='lat' dir='ltr'><em>tantummodo</em></span> 
     </span>
     <span class='ocr_line' id='line_1_12' title="bbox 114 1476 1103 1555; baseline 0.001 -22"><span class='ocrx_word' id='word_1_80' title='bbox 114 1477 250 1554; x_wconf 90' lang='lat' dir='ltr'><em>predicat</em></span> <span class='ocrx_word' id='word_1_81' title='bbox 282 1479 360 1553; x_wconf 86' lang='lat' dir='ltr'><em>qnod</em></span> <span class='ocrx_word' id='word_1_82' title='bbox 391 1478 515 1534; x_wconf 82' lang='lat' dir='ltr'><em>liabetur</em></span> <span class='ocrx_word' id='word_1_83' title='bbox 548 1477 576 1533; x_wconf 93' lang='lat' dir='ltr'><em>in</em></span> <span class='ocrx_word' id='word_1_84' title='bbox 605 1479 680 1555; x_wconf 80' lang='lat' dir='ltr'><em>lege.</em></span> <span class='ocrx_word' id='word_1_85' title='bbox 716 1477 778 1533; x_wconf 90' lang='lat' dir='ltr'><em>Nec</em></span> <span class='ocrx_word' id='word_1_86' title='bbox 806 1476 881 1533; x_wconf 91' lang='lat' dir='ltr'><em>enim</em></span> <span class='ocrx_word' id='word_1_87' title='bbox 902 1487 998 1552; x_wconf 92' lang='lat' dir='ltr'><em>potest</em></span> <span class='ocrx_word' id='word_1_88' title='bbox 1022 1496 1103 1535; x_wconf 87' lang='lat' dir='ltr'><em>mens</em></span> 
     </span>
     <span class='ocr_line' id='line_1_13' title="bbox 118 1564 1102 1640; baseline 0 -20"><span class='ocrx_word' id='word_1_89' title='bbox 118 1565 244 1621; x_wconf 89' lang='lat' dir='ltr'><em>humana</em></span> <span class='ocrx_word' id='word_1_90' title='bbox 278 1566 447 1621; x_wconf 89' lang='lat' dir='ltr'><em>detractare</em></span> <span class='ocrx_word' id='word_1_91' title='bbox 477 1565 556 1639; x_wconf 83' lang='lat' dir='ltr'><em>quod</em></span> <span class='ocrx_word' id='word_1_92' title='bbox 577 1564 723 1640; x_wconf 82' lang='lat' dir='ltr'><em>sapiencia</em></span> <span class='ocrx_word' id='word_1_93' title='bbox 756 1564 852 1620; x_wconf 80' lang='lat' dir='ltr'><em>diuina</em></span> <span class='ocrx_word' id='word_1_94' title='bbox 886 1564 1013 1620; x_wconf 86' lang='lat' dir='ltr'><em>dictauit.</em></span> <span class='ocrx_word' id='word_1_95' title='bbox 1053 1565 1102 1621; x_wconf 83' lang='lat' dir='ltr'><em>Sic</em></span> 
     </span>
     <span class='ocr_line' id='line_1_14' title="bbox 118 1651 1101 1728; baseline 0 -20"><span class='ocrx_word' id='word_1_96' title='bbox 118 1653 191 1708; x_wconf 83' lang='lat' dir='ltr'><em>enirn</em></span> <span class='ocrx_word' id='word_1_97' title='bbox 216 1652 257 1706; x_wconf 89' lang='lat' dir='ltr'><em>ait</em></span> <span class='ocrx_word' id='word_1_98' title='bbox 273 1651 427 1708; x_wconf 85' lang='lat' dir='ltr'><em>Salomon:</em></span> <span class='ocrx_word' id='word_1_99' title='bbox 450 1651 495 1708; x_wconf 89' lang='lat' dir='ltr'><em>Ne</em></span> <span class='ocrx_word' id='word_1_100' title='bbox 517 1651 611 1707; x_wconf 84' lang='lat' dir='ltr'><em>addas</em></span> <span class='ocrx_word' id='word_1_101' title='bbox 635 1652 731 1708; x_wconf 80' lang='lat' dir='ltr'><em>uerbis</em></span> <span class='ocrx_word' id='word_1_102' title='bbox 748 1651 868 1707; x_wconf 87' lang='lat' dir='ltr'><em>Domini</em></span> <span class='ocrx_word' id='word_1_103' title='bbox 890 1670 979 1728; x_wconf 83' lang='lat' dir='ltr'><em>neque</em></span> <span class='ocrx_word' id='word_1_104' title='bbox 1002 1652 1101 1708; x_wconf 89' lang='lat' dir='ltr'><em>detra·</em></span> 
     </span>
     <span class='ocr_line' id='line_1_15' title="bbox 118 1739 1101 1815; baseline 0.002 -21"><span class='ocrx_word' id='word_1_105' title='bbox 118 1740 171 1795; x_wconf 86' lang='lat' dir='ltr'><em>bas</em></span> <span class='ocrx_word' id='word_1_106' title='bbox 194 1739 268 1796; x_wconf 85' lang='lat' dir='ltr'><em>inde.</em></span> <span class='ocrx_word' id='word_1_107' title='bbox 298 1739 357 1808; x_wconf 87' lang='lat' dir='ltr'><em>Qui</em></span> <span class='ocrx_word' id='word_1_108' title='bbox 378 1739 451 1795; x_wconf 91' lang='lat' dir='ltr'><em>enim</em></span> <span class='ocrx_word' id='word_1_109' title='bbox 470 1739 524 1795; x_wconf 86' lang='lat' dir='ltr'><em>boc</em></span> <span class='ocrx_word' id='word_1_110' title='bbox 543 1757 631 1795; x_wconf 90' lang='lat' dir='ltr'><em>ausus</em></span> <span class='ocrx_word' id='word_1_111' title='bbox 651 1749 693 1794; x_wconf 82' lang='lat' dir='ltr'><em>&#39;est</em></span> <span class='ocrx_word' id='word_1_112' title='bbox 706 1739 815 1815; x_wconf 88' lang='lat' dir='ltr'><em>jacere</em></span> <span class='ocrx_word' id='word_1_113' title='bbox 841 1757 872 1795; x_wconf 90' lang='lat' dir='ltr'><em>se</em></span> <span class='ocrx_word' id='word_1_114' title='bbox 893 1739 1101 1814; x_wconf 86' lang='lat' dir='ltr'><em>sapienciorem</em></span> 
     </span>
     <span class='ocr_line' id='line_1_16' title="bbox 79 1826 1101 1903; baseline 0.001 -21"><span class='ocrx_word' id='word_1_115' title='bbox 79 1836 106 1888; x_wconf 81' lang='lat'><em>15</em></span> <span class='ocrx_word' id='word_1_116' title='bbox 115 1837 200 1902; x_wconf 88' lang='lat' dir='ltr'><em>putat</em></span> <span class='ocrx_word' id='word_1_117' title='bbox 223 1844 391 1902; x_wconf 79' lang='lat' dir='ltr'><em>essequam</em></span> <span class='ocrx_word' id='word_1_118' title='bbox 416 1827 511 1882; x_wconf 87' lang='lat' dir='ltr'><em>Deum</em></span> <span class='ocrx_word' id='word_1_119' title='bbox 535 1837 562 1882; x_wconf 91' lang='lat' dir='ltr'><em>et</em></span> <span class='ocrx_word' id='word_1_120' title='bbox 585 1826 685 1903; x_wconf 84' lang='lat' dir='ltr'><em>incipit</em></span> <span class='ocrx_word' id='word_1_121' title='bbox 708 1844 768 1883; x_wconf 89' lang='lat' dir='ltr'><em>esse</em></span> <span class='ocrx_word' id='word_1_122' title='bbox 783 1826 886 1901; x_wconf 90' lang='lat' dir='ltr'><em>salsus</em></span> <span class='ocrx_word' id='word_1_123' title='bbox 908 1826 998 1900; x_wconf 88' lang='lat' dir='ltr'><em>testis,</em></span> <span class='ocrx_word' id='word_1_124' title='bbox 1036 1826 1101 1902; x_wconf 83' lang='lat' dir='ltr'><em>quia</em></span> 
     </span>
     <span class='ocr_line' id='line_1_17' title="bbox 119 1913 1280 1988; baseline 0.003 -20"><span class='ocrx_word' id='word_1_125' title='bbox 119 1914 193 1969; x_wconf 89' lang='lat' dir='ltr'><em>illud</em></span> <span class='ocrx_word' id='word_1_126' title='bbox 217 1913 384 1988; x_wconf 84' lang='lat' dir='ltr'><em>dicitquod</em></span> <span class='ocrx_word' id='word_1_127' title='bbox 419 1932 469 1969; x_wconf 89' lang='lat' dir='ltr'><em>nec</em></span> <span class='ocrx_word' id='word_1_128' title='bbox 496 1913 608 1969; x_wconf 79' lang='lat' dir='ltr'><em>audiuit</em></span> <span class='ocrx_word' id='word_1_129' title='bbox 640 1931 690 1970; x_wconf 92' lang='lat' dir='ltr'><em>nec</em></span> <span class='ocrx_word' id='word_1_130' title='bbox 714 1913 796 1970; x_wconf 85' lang='lat' dir='ltr'><em>uidit.</em></span> <span class='ocrx_word' id='word_1_131' title='bbox 838 1913 973 1970; x_wconf 81' lang='lat' dir='ltr'><em>Christus</em></span> <span class='ocrx_word' id='word_1_132' title='bbox 1005 1924 1100 1971; x_wconf 90' lang='lat' dir='ltr'><em>autem</em></span> <span class='ocrx_word' id='word_1_133' title='bbox 1152 1937 1280 1988; x_wconf 65' lang='lat' dir='ltr'><em>citrinos</em></span> 
     </span>
     <span class='ocr_line' id='line_1_18' title="bbox 120 1990 1309 2085; baseline 0 -29"><span class='ocrx_word' id='word_1_134' title='bbox 120 2000 253 2057; x_wconf 90' lang='lat' dir='ltr'><em>dominus</em></span> <span class='ocrx_word' id='word_1_135' title='bbox 285 2000 360 2078; x_wconf 80' lang='lat' dir='ltr'><em>legis</em></span> <span class='ocrx_word' id='word_1_136' title='bbox 391 2013 433 2057; x_wconf 87' lang='lat' dir='ltr'><em>est</em></span> <span class='ocrx_word' id='word_1_137' title='bbox 465 2013 492 2056; x_wconf 90' lang='lat' dir='ltr'><em>et</em></span> <span class='ocrx_word' id='word_1_138' title='bbox 527 2001 700 2057; x_wconf 82' lang='lat' dir='ltr'><em>subtrahere</em></span> <span class='ocrx_word' id='word_1_139' title='bbox 728 2010 832 2076; x_wconf 82' lang='lat' dir='ltr'><em>potest</em></span> <span class='ocrx_word' id='word_1_140' title='bbox 861 2001 898 2056; x_wconf 93' lang='lat' dir='ltr'><em>de</em></span> <span class='ocrx_word' id='word_1_141' title='bbox 929 2001 995 2079; x_wconf 77' lang='lat' dir='ltr'><em>lege</em></span> <span class='ocrx_word' id='word_1_142' title='bbox 1025 1990 1309 2085; x_wconf 49' lang='lat' dir='ltr'><em>quodlffiffigguffl&#39;ta&#39;jfd</em></span> 
     </span>
     <span class='ocr_line' id='line_1_19' title="bbox 116 2074 1317 2164; baseline -0.007 -22"><span class='ocrx_word' id='word_1_143' title='bbox 116 2098 241 2164; x_wconf 87' lang='lat' dir='ltr'><em>propter</em></span> <span class='ocrx_word' id='word_1_144' title='bbox 272 2089 468 2144; x_wconf 88' lang='lat' dir='ltr'><em>necessitatem</em></span> <span class='ocrx_word' id='word_1_145' title='bbox 507 2088 647 2164; x_wconf 90' lang='lat' dir='ltr'><em>temporis</em></span> <span class='ocrx_word' id='word_1_146' title='bbox 678 2088 769 2160; x_wconf 89' lang='lat' dir='ltr'><em>iussit,</em></span> <span class='ocrx_word' id='word_1_147' title='bbox 814 2099 844 2144; x_wconf 95' lang='lat' dir='ltr'><em>ut</em></span> <span class='ocrx_word' id='word_1_148' title='bbox 874 2099 947 2163; x_wconf 91' lang='lat' dir='ltr'><em>puta</em></span> <span class='ocrx_word' id='word_1_149' title='bbox 978 2100 1103 2164; x_wconf 88' lang='lat' dir='ltr'><em>propter</em></span> <span class='ocrx_word' id='word_1_150' title='bbox 1112 2100 1136 2137; x_wconf 91' lang='lat' dir='ltr'><em>to</em></span> <span class='ocrx_word' id='word_1_151' title='bbox 1153 2074 1180 2136; x_wconf 78' lang='lat' dir='ltr'><em>&lt;ir</em></span> <span class='ocrx_word' id='word_1_152' title='bbox 1194 2094 1317 2154; x_wconf 60' lang='lat' dir='ltr'><em>withdraw</em></span> 
     </span>
     <span class='ocr_line' id='line_1_20' title="bbox 118 2145 1265 2251; baseline 0.002 -22"><span class='ocrx_word' id='word_1_153' title='bbox 118 2175 261 2231; x_wconf 87' lang='lat' dir='ltr'><em>duriciam</em></span> <span class='ocrx_word' id='word_1_154' title='bbox 296 2175 395 2231; x_wconf 91' lang='lat' dir='ltr'><em>cordis</em></span> <span class='ocrx_word' id='word_1_155' title='bbox 427 2176 534 2232; x_wconf 90' lang='lat' dir='ltr'><em>iussum</em></span> <span class='ocrx_word' id='word_1_156' title='bbox 565 2175 672 2250; x_wconf 84' lang='lat' dir='ltr'><em>suerat</em></span> <span class='ocrx_word' id='word_1_157' title='bbox 707 2175 780 2230; x_wconf 88' lang='lat' dir='ltr'><em>dare</em></span> <span class='ocrx_word' id='word_1_158' title='bbox 812 2174 940 2231; x_wconf 90' lang='lat' dir='ltr'><em>libellum</em></span> <span class='ocrx_word' id='word_1_159' title='bbox 976 2175 1098 2251; x_wconf 87' lang='lat' dir='ltr'><em>repudii.</em></span> <span class='ocrx_word' id='word_1_160' title='bbox 1164 2145 1226 2190; x_wconf 54' lang='grc' dir='ltr'><em>Μ’</em></span> <span class='ocrx_word' id='word_1_161' title='bbox 1241 2153 1265 2189; x_wconf 75' lang='lat'><em>¹¹⁸</em></span> 
     </span>
     <span class='ocr_line' id='line_1_21' title="bbox 73 2262 1102 2338; baseline -0.001 -18"><span class='ocrx_word' id='word_1_162' title='bbox 73 2287 107 2320; x_wconf 88' lang='lat'><em>20</em></span> <span class='ocrx_word' id='word_1_163' title='bbox 118 2262 262 2318; x_wconf 89' lang='lat' dir='ltr'><em>Dominus</em></span> <span class='ocrx_word' id='word_1_164' title='bbox 293 2262 368 2318; x_wconf 88' lang='lat' dir='ltr'><em>illud</em></span> <span class='ocrx_word' id='word_1_165' title='bbox 390 2263 473 2337; x_wconf 83' lang='lat' dir='ltr'><em>quasi</em></span> <span class='ocrx_word' id='word_1_166' title='bbox 491 2272 664 2338; x_wconf 87' lang='lat' dir='ltr'><em>potestatem</em></span> <span class='ocrx_word' id='word_1_167' title='bbox 697 2262 804 2318; x_wconf 88' lang='lat' dir='ltr'><em>babens</em></span> <span class='ocrx_word' id='word_1_168' title='bbox 827 2262 967 2318; x_wconf 89' lang='lat' dir='ltr'><em>subduxit</em></span> <span class='ocrx_word' id='word_1_169' title='bbox 991 2262 1102 2319; x_wconf 90' lang='lat' dir='ltr'><em>dicens:</em></span> 
     </span>
     <span class='ocr_line' id='line_1_22' title="bbox 123 2350 1102 2424; baseline -0.001 -19"><span class='ocrx_word' id='word_1_170' title='bbox 123 2350 210 2418; x_wconf 86' lang='lat' dir='ltr'><em>Quod</em></span> <span class='ocrx_word' id='word_1_171' title='bbox 230 2350 311 2406; x_wconf 91' lang='lat' dir='ltr'><em>Deus</em></span> <span class='ocrx_word' id='word_1_172' title='bbox 328 2350 490 2418; x_wconf 85' lang='lat' dir='ltr'><em>coniunxit,</em></span> <span class='ocrx_word' id='word_1_173' title='bbox 515 2350 602 2406; x_wconf 83' lang='lat' dir='ltr'><em>bomo</em></span> <span class='ocrx_word' id='word_1_174' title='bbox 625 2368 681 2406; x_wconf 91' lang='lat' dir='ltr'><em>non</em></span> <span class='ocrx_word' id='word_1_175' title='bbox 703 2361 829 2424; x_wconf 89' lang='lat' dir='ltr'><em>separet.</em></span> <span class='ocrx_word' id='word_1_176' title='bbox 842 2405 844 2408; x_wconf 74' lang='grc'>,</span> <span class='ocrx_word' id='word_1_177' title='bbox 855 2350 926 2405; x_wconf 91' lang='lat' dir='ltr'><em>ltem</em></span> <span class='ocrx_word' id='word_1_178' title='bbox 944 2361 971 2405; x_wconf 89' lang='lat' dir='ltr'><em>et</em></span> <span class='ocrx_word' id='word_1_179' title='bbox 985 2350 1102 2405; x_wconf 90' lang='lat' dir='ltr'><em>addidit</em></span> 
     </span>
     <span class='ocr_line' id='line_1_23' title="bbox 115 2436 1098 2514; baseline 0 -22"><span class='ocrx_word' id='word_1_180' title='bbox 115 2438 194 2513; x_wconf 84' lang='lat' dir='ltr'><em>quod</em></span> <span class='ocrx_word' id='word_1_181' title='bbox 222 2448 349 2513; x_wconf 91' lang='lat' dir='ltr'><em>propter</em></span> <span class='ocrx_word' id='word_1_182' title='bbox 371 2436 569 2514; x_wconf 86' lang='lat' dir='ltr'><em>infirmitatem</em></span> <span class='ocrx_word' id='word_1_183' title='bbox 596 2455 716 2514; x_wconf 91' lang='lat' dir='ltr'><em>operum</em></span> <span class='ocrx_word' id='word_1_184' title='bbox 739 2436 833 2492; x_wconf 88' lang='lat' dir='ltr'><em>minus</em></span> <span class='ocrx_word' id='word_1_185' title='bbox 849 2437 957 2510; x_wconf 89' lang='lat' dir='ltr'><em>suerat</em></span> <span class='ocrx_word' id='word_1_186' title='bbox 980 2437 1098 2507; x_wconf 90' lang='lat' dir='ltr'><em>iussum,</em></span> 
     </span>
     <span class='ocr_line' id='line_1_24' title="bbox 118 2523 1098 2601; baseline 0.002 -22"><span class='ocrx_word' id='word_1_187' title='bbox 118 2535 147 2579; x_wconf 93' lang='lat' dir='ltr'><em>ut</em></span> <span class='ocrx_word' id='word_1_188' title='bbox 175 2535 263 2600; x_wconf 90' lang='lat' dir='ltr'><em>puta:</em></span> <span class='ocrx_word' id='word_1_189' title='bbox 295 2525 426 2599; x_wconf 83' lang='lat' dir='ltr'><em>Antiquis</em></span> <span class='ocrx_word' id='word_1_190' title='bbox 450 2525 557 2580; x_wconf 89' lang='lat' dir='ltr'><em>dictum</em></span> <span class='ocrx_word' id='word_1_191' title='bbox 585 2535 642 2580; x_wconf 91' lang='lat' dir='ltr'><em>est:</em></span> <span class='ocrx_word' id='word_1_192' title='bbox 670 2524 736 2579; x_wconf 92' lang='lat' dir='ltr'><em>Non</em></span> <span class='ocrx_word' id='word_1_193' title='bbox 764 2523 893 2593; x_wconf 89' lang='lat' dir='ltr'><em>occides;</em></span> <span class='ocrx_word' id='word_1_194' title='bbox 924 2543 980 2601; x_wconf 80' lang='lat' dir='ltr'><em>ego</em></span> <span class='ocrx_word' id='word_1_195' title='bbox 1003 2535 1098 2581; x_wconf 89' lang='lat' dir='ltr'><em>autem</em></span> 
     </span>
     <span class='ocr_line' id='line_1_25' title="bbox 118 2611 1100 2690; baseline 0.001 -23"><span class='ocrx_word' id='word_1_196' title='bbox 118 2611 198 2669; x_wconf 89' lang='lat' dir='ltr'><em>dico:</em></span> <span class='ocrx_word' id='word_1_197' title='bbox 229 2612 294 2668; x_wconf 90' lang='lat' dir='ltr'><em>Non</em></span> <span class='ocrx_word' id='word_1_198' title='bbox 331 2612 480 2669; x_wconf 87' lang='lat' dir='ltr'><em>irascaris.</em></span> <span class='ocrx_word' id='word_1_199' title='bbox 518 2612 586 2669; x_wconf 89' lang='lat' dir='ltr'><em>Ideo</em></span> <span class='ocrx_word' id='word_1_200' title='bbox 609 2630 683 2690; x_wconf 74' lang='lat' dir='ltr'><em>ergo</em></span> <span class='ocrx_word' id='word_1_201' title='bbox 715 2611 910 2682; x_wconf 85' lang='lat' dir='ltr'><em>mirabantur,</em></span> <span class='ocrx_word' id='word_1_202' title='bbox 943 2612 1008 2686; x_wconf 82' lang='lat' dir='ltr'><em>quia</em></span> <span class='ocrx_word' id='word_1_203' title='bbox 1045 2630 1100 2668; x_wconf 88' lang='lat' dir='ltr'><em>non</em></span> 
     </span>
     <span class='ocr_line' id='line_1_26' title="bbox 73 2696 1101 2777; baseline -0.002 -19"><span class='ocrx_word' id='word_1_204' title='bbox 73 2696 201 2774; x_wconf 78' lang='lat' dir='ltr'><em>23&#39;quasi</em></span> <span class='ocrx_word' id='word_1_205' title='bbox 220 2718 324 2755; x_wconf 79' lang='lat' dir='ltr'><em>seruus</em></span> <span class='ocrx_word' id='word_1_206' title='bbox 347 2699 422 2777; x_wconf 83' lang='lat' dir='ltr'><em>Iegis</em></span> <span class='ocrx_word' id='word_1_207' title='bbox 444 2699 496 2755; x_wconf 90' lang='lat' dir='ltr'><em>sub</em></span> <span class='ocrx_word' id='word_1_208' title='bbox 517 2711 662 2776; x_wconf 88' lang='lat' dir='ltr'><em>potestate</em></span> <span class='ocrx_word' id='word_1_209' title='bbox 690 2698 860 2756; x_wconf 90' lang='lat' dir='ltr'><em>constitutus</em></span> <span class='ocrx_word' id='word_1_210' title='bbox 883 2698 957 2754; x_wconf 88' lang='lat' dir='ltr'><em>iliud</em></span> <span class='ocrx_word' id='word_1_211' title='bbox 981 2700 1101 2756; x_wconf 91' lang='lat' dir='ltr'><em>docebat</em></span> 
     </span>
     <span class='ocr_line' id='line_1_27' title="bbox 115 2785 1101 2864; baseline 0 -22"><span class='ocrx_word' id='word_1_212' title='bbox 115 2787 193 2862; x_wconf 79' lang='lat' dir='ltr'><em>quod</em></span> <span class='ocrx_word' id='word_1_213' title='bbox 209 2787 317 2862; x_wconf 85' lang='lat' dir='ltr'><em>suerat</em></span> <span class='ocrx_word' id='word_1_214' title='bbox 340 2787 459 2859; x_wconf 89' lang='lat' dir='ltr'><em>iussum,</em></span> <span class='ocrx_word' id='word_1_215' title='bbox 495 2788 547 2844; x_wconf 91' lang='lat' dir='ltr'><em>sed</em></span> <span class='ocrx_word' id='word_1_216' title='bbox 577 2787 660 2863; x_wconf 83' lang='lat' dir='ltr'><em>quasi</em></span> <span class='ocrx_word' id='word_1_217' title='bbox 687 2786 821 2843; x_wconf 90' lang='lat' dir='ltr'><em>dominus</em></span> <span class='ocrx_word' id='word_1_218' title='bbox 843 2785 920 2864; x_wconf 79' lang='lat' dir='ltr'><em>legis</em></span> <span class='ocrx_word' id='word_1_219' title='bbox 942 2797 970 2842; x_wconf 91' lang='lat' dir='ltr'><em>et</em></span> <span class='ocrx_word' id='word_1_220' title='bbox 993 2787 1101 2843; x_wconf 79' lang='lat' dir='ltr'><em>liabens</em></span> 
     </span>
     <span class='ocr_line' id='line_1_28' title="bbox 110 2874 1099 2951; baseline 0 -20"><span class='ocrx_word' id='word_1_221' title='bbox 110 2885 285 2951; x_wconf 90' lang='lat' dir='ltr'><em>potestatem</em></span> <span class='ocrx_word' id='word_1_222' title='bbox 319 2893 372 2930; x_wconf 88' lang='lat' dir='ltr'><em>sua</em></span> <span class='ocrx_word' id='word_1_223' title='bbox 404 2875 580 2931; x_wconf 88' lang='lat' dir='ltr'><em>auctoritate</em></span> <span class='ocrx_word' id='word_1_224' title='bbox 613 2874 739 2930; x_wconf 82' lang='lat' dir='ltr'><em>addebat</em></span> <span class='ocrx_word' id='word_1_225' title='bbox 770 2891 859 2950; x_wconf 90' lang='lat' dir='ltr'><em>super</em></span> <span class='ocrx_word' id='word_1_226' title='bbox 886 2875 963 2948; x_wconf 80' lang='lat' dir='ltr'><em>quod</em></span> <span class='ocrx_word' id='word_1_227' title='bbox 991 2874 1099 2931; x_wconf 91' lang='lat' dir='ltr'><em>dictum</em></span> 
     </span>
     <span class='ocr_line' id='line_1_29' title="bbox 114 2960 1099 3039; baseline -0.003 -20"><span class='ocrx_word' id='word_1_228' title='bbox 114 2962 227 3019; x_wconf 83' lang='lat' dir='ltr'><em>dicens:</em></span> <span class='ocrx_word' id='word_1_229' title='bbox 249 2962 382 3037; x_wconf 83' lang='lat' dir='ltr'><em>Antiquis</em></span> <span class='ocrx_word' id='word_1_230' title='bbox 406 2962 514 3018; x_wconf 89' lang='lat' dir='ltr'><em>dictum</em></span> <span class='ocrx_word' id='word_1_231' title='bbox 530 2961 639 3037; x_wconf 88' lang='lat' dir='ltr'><em>suerat</em></span> <span class='ocrx_word' id='word_1_232' title='bbox 661 2963 726 3034; x_wconf 82' lang='lat' dir='ltr'><em>hoc,</em></span> <span class='ocrx_word' id='word_1_233' title='bbox 749 2980 805 3039; x_wconf 82' lang='lat' dir='ltr'><em>ego</em></span> <span class='ocrx_word' id='word_1_234' title='bbox 828 2971 923 3017; x_wconf 90' lang='lat' dir='ltr'><em>autem</em></span> <span class='ocrx_word' id='word_1_235' title='bbox 949 2960 1013 3018; x_wconf 91' lang='lat' dir='ltr'><em>dico</em></span> <span class='ocrx_word' id='word_1_236' title='bbox 1037 2963 1099 3018; x_wconf 81' lang='lat' dir='ltr'><em>ltoc.</em></span> 
     </span>
     <span class='ocr_line' id='line_1_30' title="bbox 114 3049 414 3107; baseline -0.003 -1"><span class='ocrx_word' id='word_1_237' title='bbox 114 3052 177 3107; x_wconf 87' lang='lat' dir='ltr'><em>Hec</em></span> <span class='ocrx_word' id='word_1_238' title='bbox 201 3049 414 3107; x_wconf 90' lang='lat' dir='ltr'><em>Crisostomus.</em></span> 
     </span>
     <span class='ocr_line' id='line_1_31' title="bbox 70 3135 1299 3215; baseline -0.002 -21"><span class='ocrx_word' id='word_1_239' title='bbox 70 3167 103 3214; x_wconf 68' lang='lat'><em>³0</em></span> <span class='ocrx_word' id='word_1_240' title='bbox 157 3140 213 3194; x_wconf 89' lang='lat' dir='ltr'><em>Iste</em></span> <span class='ocrx_word' id='word_1_241' title='bbox 246 3139 354 3194; x_wconf 90' lang='lat' dir='ltr'><em>doctor</em></span> <span class='ocrx_word' id='word_1_242' title='bbox 384 3136 503 3194; x_wconf 84' lang='lat' dir='ltr'><em>videtur</em></span> <span class='ocrx_word' id='word_1_243' title='bbox 537 3135 691 3193; x_wconf 79' lang='lat' dir='ltr'><em>verificare</em></span> <span class='ocrx_word' id='word_1_244' title='bbox 725 3136 839 3193; x_wconf 90' lang='lat' dir='ltr'><em>dictum</em></span> <span class='ocrx_word' id='word_1_245' title='bbox 868 3136 1006 3211; x_wconf 83' lang='lat' dir='ltr'><em>Apostoli</em></span> <span class='ocrx_word' id='word_1_246' title='bbox 1039 3155 1100 3211; x_wconf 91' lang='lat' dir='ltr'><em>quo</em></span> <span class='ocrx_word' id='word_1_247' title='bbox 1132 3138 1299 3215; x_wconf 67' lang='lat' dir='ltr'><em>Reasonsuni</em></span> 
     </span>
     <span class='ocr_line' id='line_1_32' title="bbox 70 3192 1316 3299; baseline 0.001 -20"><span class='ocrx_word' id='word_1_248' title='bbox 70 3208 78 3217; x_wconf 45' lang='lat'>⁵</span> <span class='ocrx_word' id='word_1_249' title='bbox 113 3223 185 3280; x_wconf 89' lang='lat' dir='ltr'><em>dicit</em></span> <span class='ocrx_word' id='word_1_250' title='bbox 209 3227 290 3299; x_wconf 92' lang='lat' dir='ltr'><em>quod</em></span> <span class='ocrx_word' id='word_1_251' title='bbox 315 3224 403 3281; x_wconf 88' lang='lat' dir='ltr'><em>Greci</em></span> <span class='ocrx_word' id='word_1_252' title='bbox 428 3238 561 3298; x_wconf 91' lang='lat' dir='ltr'><em>querunt</em></span> <span class='ocrx_word' id='word_1_253' title='bbox 585 3222 780 3298; x_wconf 87' lang='lat' dir='ltr'><em>sapienciam,</em></span> <span class='ocrx_word' id='word_1_254' title='bbox 815 3242 884 3280; x_wconf 89' lang='lat' dir='ltr'><em>cum</em></span> <span class='ocrx_word' id='word_1_255' title='bbox 908 3223 963 3280; x_wconf 88' lang='lat' dir='ltr'><em>iste</em></span> <span class='ocrx_word' id='word_1_256' title='bbox 987 3192 1316 3297; x_wconf 54' lang='lat' dir='ltr'><em>Grecusdrctpictpricsrpsd</em></span> 
     </span>
     <span class='ocr_line' id='line_1_33' title="bbox 112 3310 1100 3386; baseline 0 -19"><span class='ocrx_word' id='word_1_257' title='bbox 112 3310 264 3385; x_wconf 85' lang='lat' dir='ltr'><em>sapienter</em></span> <span class='ocrx_word' id='word_1_258' title='bbox 302 3311 516 3386; x_wconf 84' lang='lat' dir='ltr'><em>compendiose</em></span> <span class='ocrx_word' id='word_1_259' title='bbox 554 3324 583 3368; x_wconf 93' lang='lat' dir='ltr'><em>et</em></span> <span class='ocrx_word' id='word_1_260' title='bbox 615 3311 760 3386; x_wconf 88' lang='lat' dir='ltr'><em>exquisite</em></span> <span class='ocrx_word' id='word_1_261' title='bbox 799 3310 935 3386; x_wconf 87' lang='lat' dir='ltr'><em>exposuit</em></span> <span class='ocrx_word' id='word_1_262' title='bbox 982 3310 1100 3385; x_wconf 82' lang='lat' dir='ltr'><em>snpien-</em></span> 
     </span>
     <span class='ocr_line' id='line_1_34' title="bbox 11 3394 1099 3480; baseline -0.001 -25"><span class='ocrx_word' id='word_1_263' title='bbox 11 3404 78 3471; x_wconf 67' lang='lat' dir='ltr'><em>4o4”</em></span> <span class='ocrx_word' id='word_1_264' title='bbox 112 3397 191 3455; x_wconf 87' lang='lat' dir='ltr'><em>ciam</em></span> <span class='ocrx_word' id='word_1_265' title='bbox 216 3397 297 3454; x_wconf 89' lang='lat' dir='ltr'><em>verbi</em></span> <span class='ocrx_word' id='word_1_266' title='bbox 323 3397 444 3455; x_wconf 88' lang='lat' dir='ltr'><em>Christi.</em></span> <span class='ocrx_word' id='word_1_267' title='bbox 471 3401 533 3456; x_wconf 90' lang='lat' dir='ltr'><em>Nec</em></span> <span class='ocrx_word' id='word_1_268' title='bbox 558 3398 612 3454; x_wconf 85' lang='lat' dir='ltr'><em>fuit</em></span> <span class='ocrx_word' id='word_1_269' title='bbox 641 3398 804 3474; x_wconf 88' lang='lat' dir='ltr'><em>impeditus</em></span> <span class='ocrx_word' id='word_1_270' title='bbox 827 3417 881 3473; x_wconf 91' lang='lat' dir='ltr'><em>per</em></span> <span class='ocrx_word' id='word_1_271' title='bbox 909 3412 990 3455; x_wconf 89' lang='lat' dir='ltr'><em>terro</em></span> <span class='ocrx_word' id='word_1_272' title='bbox 1010 3394 1016 3480; x_wconf 81' lang='grc' dir='ltr'>Ι</span> <span class='ocrx_word' id='word_1_273' title='bbox 1036 3417 1099 3455; x_wconf 89' lang='lat' dir='ltr'><em>rem</em></span> 
     </span>
     <span class='ocr_line' id='line_1_35' title="bbox 111 3484 1099 3562; baseline 0 -21"><span class='ocrx_word' id='word_1_274' title='bbox 111 3484 300 3556; x_wconf 84' lang='lat' dir='ltr'><em>Antichristi,</em></span> <span class='ocrx_word' id='word_1_275' title='bbox 330 3484 402 3560; x_wconf 85' lang='lat' dir='ltr'><em>quia</em></span> <span class='ocrx_word' id='word_1_276' title='bbox 429 3485 632 3542; x_wconf 89' lang='lat' dir='ltr'><em>Antichristus</em></span> <span class='ocrx_word' id='word_1_277' title='bbox 661 3500 722 3543; x_wconf 87' lang='lat' dir='ltr'><em>tam</em></span> <span class='ocrx_word' id='word_1_278' title='bbox 752 3488 820 3544; x_wconf 91' lang='lat' dir='ltr'><em>loco</em></span> <span class='ocrx_word' id='word_1_279' title='bbox 844 3506 936 3562; x_wconf 90' lang='lat' dir='ltr'><em>quam</em></span> <span class='ocrx_word' id='word_1_280' title='bbox 961 3499 1099 3560; x_wconf 90' lang='lat' dir='ltr'><em>tempore</em></span> 
     </span>
     <span class='ocr_line' id='line_1_36' title="bbox 68 3555 1308 3661; baseline -0.004 -28"><span class='ocrx_word' id='word_1_281' title='bbox 68 3584 202 3647; x_wconf 84' lang='lat' dir='ltr'><em>35quam</em></span> <span class='ocrx_word' id='word_1_282' title='bbox 235 3571 331 3629; x_wconf 83' lang='lat' dir='ltr'><em>eciam</em></span> <span class='ocrx_word' id='word_1_283' title='bbox 355 3573 448 3629; x_wconf 85' lang='lat' dir='ltr'><em>stulta</em></span> <span class='ocrx_word' id='word_1_284' title='bbox 471 3572 661 3630; x_wconf 88' lang='lat' dir='ltr'><em>subieccione</em></span> <span class='ocrx_word' id='word_1_285' title='bbox 685 3577 722 3631; x_wconf 87' lang='lat' dir='ltr'><em>ab</em></span> <span class='ocrx_word' id='word_1_286' title='bbox 746 3573 797 3631; x_wconf 92' lang='lat' dir='ltr'><em>illo</em></span> <span class='ocrx_word' id='word_1_287' title='bbox 825 3573 947 3649; x_wconf 78' lang='lat' dir='ltr'><em>distitit3</em></span> <span class='ocrx_word' id='word_1_288' title='bbox 976 3586 1004 3629; x_wconf 91' lang='lat' dir='ltr'><em>et</em></span> <span class='ocrx_word' id='word_1_289' title='bbox 1032 3570 1099 3646; x_wconf 86' lang='lat' dir='ltr'><em>capi</em></span> <span class='ocrx_word' id='word_1_290' title='bbox 1119 3568 1135 3600; x_wconf 88' lang='lat'><em>¹·</em></span> <span class='ocrx_word' id='word_1_291' title='bbox 1154 3555 1308 3661; x_wconf 52' lang='lat' dir='ltr'><em>“Qffl&#39;smc</em></span> 
     </span>
     <span class='ocr_line' id='line_1_37' title="bbox 111 3658 1271 3736; baseline 0.003 -22"><span class='ocrx_word' id='word_1_292' title='bbox 111 3659 228 3716; x_wconf 88' lang='lat' dir='ltr'><em>videtur</em></span> <span class='ocrx_word' id='word_1_293' title='bbox 252 3678 340 3734; x_wconf 88' lang='lat' dir='ltr'><em>posse</em></span> <span class='ocrx_word' id='word_1_294' title='bbox 365 3679 398 3718; x_wconf 88' lang='lat' dir='ltr'><em>ex</em></span> <span class='ocrx_word' id='word_1_295' title='bbox 421 3658 519 3717; x_wconf 88' lang='lat' dir='ltr'><em>verbis</em></span> <span class='ocrx_word' id='word_1_296' title='bbox 545 3678 603 3735; x_wconf 91' lang='lat' dir='ltr'><em>que</em></span> <span class='ocrx_word' id='word_1_297' title='bbox 627 3660 725 3718; x_wconf 86' lang='lat' dir='ltr'><em>innuit</em></span> <span class='ocrx_word' id='word_1_298' title='bbox 749 3663 831 3736; x_wconf 91' lang='lat' dir='ltr'><em>quod</em></span> <span class='ocrx_word' id='word_1_299' title='bbox 856 3679 889 3718; x_wconf 88' lang='lat' dir='ltr'><em>ex</em></span> <span class='ocrx_word' id='word_1_300' title='bbox 912 3679 1003 3718; x_wconf 86' lang='lat' dir='ltr'><em>causa</em></span> <span class='ocrx_word' id='word_1_301' title='bbox 1026 3678 1100 3735; x_wconf 89' lang='lat' dir='ltr'><em>qua·</em></span> <span class='ocrx_word' id='word_1_302' title='bbox 1149 3660 1271 3704; x_wconf 75' lang='lat' dir='ltr'><em>salvatum.</em></span> 
     </span>
     <span class='ocr_line' id='line_1_38' title="bbox 112 3745 1100 3823; baseline 0 -21"><span class='ocrx_word' id='word_1_303' title='bbox 112 3745 241 3821; x_wconf 86' lang='lat' dir='ltr'><em>druplici</em></span> <span class='ocrx_word' id='word_1_304' title='bbox 269 3747 362 3804; x_wconf 83' lang='lat' dir='ltr'><em>alium</em></span> <span class='ocrx_word' id='word_1_305' title='bbox 396 3750 599 3823; x_wconf 87' lang='lat' dir='ltr'><em>sequebantur</em></span> <span class='ocrx_word' id='word_1_306' title='bbox 629 3748 786 3805; x_wconf 90' lang='lat' dir='ltr'><em>dominum</em></span> <span class='ocrx_word' id='word_1_307' title='bbox 816 3748 1033 3823; x_wconf 85' lang='lat' dir='ltr'><em>predicantem,</em></span> <span class='ocrx_word' id='word_1_308' title='bbox 1067 3761 1100 3803; x_wconf 90' lang='lat' dir='ltr'><em>ut</em></span> 
     </span>
    </p>
   </div>
   <div class='ocr_carea' id='block_1_3' title="bbox 111 3833 1098 3910">
    <p class='ocr_par' dir='ltr' id='par_1_3' title="bbox 111 3833 1098 3910">
     <span class='ocr_line' id='line_1_39' title="bbox 111 3833 1098 3910; baseline 0 -20"><span class='ocrx_word' id='word_1_309' title='bbox 111 3833 201 3908; x_wconf 90' lang='lat' dir='ltr'><em>primi</em></span> <span class='ocrx_word' id='word_1_310' title='bbox 225 3847 350 3909; x_wconf 91' lang='lat' dir='ltr'><em>propter</em></span> <span class='ocrx_word' id='word_1_311' title='bbox 373 3835 550 3893; x_wconf 88' lang='lat' dir='ltr'><em>discendum</em></span> <span class='ocrx_word' id='word_1_312' title='bbox 574 3835 653 3894; x_wconf 85' lang='lat' dir='ltr'><em>viam</em></span> <span class='ocrx_word' id='word_1_313' title='bbox 686 3838 723 3893; x_wconf 82' lang='lat' dir='ltr'><em>ad</em></span> <span class='ocrx_word' id='word_1_314' title='bbox 750 3835 879 3910; x_wconf 83' lang='lat' dir='ltr'><em>patriam</em></span> <span class='ocrx_word' id='word_1_315' title='bbox 909 3834 1098 3909; x_wconf 82' lang='lat' dir='ltr'><em>dirigentem,</em></span> 
     </span>
    </p>
   </div>
   <div class='ocr_carea' id='block_1_4' title="bbox 109 4062 1097 4275">
    <p class='ocr_par' dir='ltr' id='par_1_4' title="bbox 109 4062 1097 4275">
     <span class='ocr_line' id='line_1_40' title="bbox 162 4062 1096 4120; baseline -0.004 -13"><span class='ocrx_word' id='word_1_316' title='bbox 162 4063 181 4107; x_wconf 86' lang='grc'><em>5.</em></span> <span class='ocrx_word' id='word_1_317' title='bbox 196 4065 231 4107; x_wconf 90' lang='lat' dir='ltr'><em>A:</em></span> <span class='ocrx_word' id='word_1_318' title='bbox 250 4064 299 4107; x_wconf 86' lang='lat' dir='ltr'><em>iilic</em></span> <span class='ocrx_word' id='word_1_319' title='bbox 313 4064 406 4108; x_wconf 85' lang='lat' dir='ltr'><em>malicia</em></span> <span class='ocrx_word' id='word_1_320' title='bbox 414 4081 423 4116; x_wconf 89' lang='grc'><em>,·</em></span> <span class='ocrx_word' id='word_1_321' title='bbox 438 4066 471 4109; x_wconf 86' lang='lat' dir='ltr'><em>ib.</em></span> <span class='ocrx_word' id='word_1_322' title='bbox 486 4066 516 4108; x_wconf 86' lang='lat' dir='ltr'><em>B:</em></span> <span class='ocrx_word' id='word_1_323' title='bbox 534 4066 581 4120; x_wconf 87' lang='lat' dir='ltr'><em>Qui</em></span> <span class='ocrx_word' id='word_1_324' title='bbox 589 4065 657 4109; x_wconf 87' lang='lat' dir='ltr'><em>enirn.</em></span> <span class='ocrx_word' id='word_1_325' title='bbox 711 4076 734 4119; x_wconf 86' lang='lat'><em>9.</em></span> <span class='ocrx_word' id='word_1_326' title='bbox 748 4066 782 4108; x_wconf 92' lang='lat' dir='ltr'><em>A:</em></span> <span class='ocrx_word' id='word_1_327' title='bbox 797 4065 882 4107; x_wconf 84' lang='lat' dir='ltr'><em>demo</em></span> <span class='ocrx_word' id='word_1_328' title='bbox 896 4073 968 4105; x_wconf 88' lang='lat' dir='ltr'><em>remo.</em></span> <span class='ocrx_word' id='word_1_329' title='bbox 1024 4074 1051 4105; x_wconf 79' lang='lat' dir='ltr'><em>tr.</em></span> <span class='ocrx_word' id='word_1_330' title='bbox 1067 4062 1096 4104; x_wconf 89' lang='lat' dir='ltr'><em>B:</em></span> 
     </span>
     <span class='ocr_line' id='line_1_41' title="bbox 110 4114 1097 4171; baseline -0.001 -13"><span class='ocrx_word' id='word_1_331' title='bbox 110 4116 211 4159; x_wconf 76' lang='lat' dir='ltr'><em>bumana</em></span> <span class='ocrx_word' id='word_1_332' title='bbox 225 4115 360 4159; x_wconf 83' lang='lat' dir='ltr'><em>directiore.</em></span> <span class='ocrx_word' id='word_1_333' title='bbox 429 4116 458 4161; x_wconf 83' lang='lat'><em>13.</em></span> <span class='ocrx_word' id='word_1_334' title='bbox 483 4117 534 4161; x_wconf 84' lang='lat' dir='ltr'><em>Non</em></span> <span class='ocrx_word' id='word_1_335' title='bbox 556 4117 638 4160; x_wconf 80' lang='lat' dir='ltr'><em>addas.</em></span> <span class='ocrx_word' id='word_1_336' title='bbox 705 4127 738 4158; x_wconf 73' lang='lat'><em>22.</em></span> <span class='ocrx_word' id='word_1_337' title='bbox 754 4116 783 4159; x_wconf 84' lang='lat' dir='ltr'><em>B:</em></span> <span class='ocrx_word' id='word_1_338' title='bbox 798 4115 861 4171; x_wconf 87' lang='lat' dir='ltr'><em>quod</em></span> <span class='ocrx_word' id='word_1_339' title='bbox 874 4115 945 4159; x_wconf 85' lang='lat' dir='ltr'><em>deest.</em></span> <span class='ocrx_word' id='word_1_340' title='bbox 1014 4114 1048 4158; x_wconf 77' lang='lat'><em>28.</em></span> <span class='ocrx_word' id='word_1_341' title='bbox 1063 4115 1097 4157; x_wconf 86' lang='lat' dir='ltr'><em>A:</em></span> 
     </span>
     <span class='ocr_line' id='line_1_42' title="bbox 109 4167 1097 4275; baseline -0.003 -64"><span class='ocrx_word' id='word_1_342' title='bbox 109 4168 226 4274; x_wconf 50' lang='lat' dir='ltr'><em>gipcplpp&#39;r</em></span> <span class='ocrx_word' id='word_1_343' title='bbox 234 4168 379 4275; x_wconf 47' lang='lat' dir='ltr'><em>ggcrcpgde&#39;est.</em></span> <span class='ocrx_word' id='word_1_344' title='bbox 460 4169 495 4213; x_wconf 84' lang='lat'><em>30.</em></span> <span class='ocrx_word' id='word_1_345' title='bbox 511 4172 533 4213; x_wconf 90' lang='lat' dir='ltr'>A</span> <span class='ocrx_word' id='word_1_346' title='bbox 548 4170 570 4212; x_wconf 91' lang='lat' dir='ltr'><em>in</em></span> <span class='ocrx_word' id='word_1_347' title='bbox 587 4180 672 4223; x_wconf 55' lang='lat' dir='ltr'><em>marga</em></span> <span class='ocrx_word' id='word_1_348' title='bbox 686 4167 811 4212; x_wconf 76' lang='lat' dir='ltr'><em>lohannes.</em></span> <span class='ocrx_word' id='word_1_349' title='bbox 898 4167 931 4212; x_wconf 78' lang='lat'><em>32.</em></span> <span class='ocrx_word' id='word_1_350' title='bbox 946 4169 980 4210; x_wconf 81' lang='lat' dir='ltr'><em>A:</em></span> <span class='ocrx_word' id='word_1_351' title='bbox 996 4167 1097 4222; x_wconf 82' lang='lat' dir='ltr'><em>exponit.</em></span> 
     </span>
    </p>
   </div>
   <div class='ocr_carea' id='block_1_5' title="bbox 109 4306 1094 4444">
    <p class='ocr_par' dir='ltr' id='par_1_5' title="bbox 109 4306 1094 4444">
     <span class='ocr_line' id='line_1_43' title="bbox 164 4306 1094 4374; baseline -0.002 -14"><span class='ocrx_word' id='word_1_352' title='bbox 164 4313 201 4363; x_wconf 83' lang='lat'><em>13.</em></span> <span class='ocrx_word' id='word_1_353' title='bbox 222 4311 298 4360; x_wconf 85' lang='lat' dir='ltr'><em>Deut.</em></span> <span class='ocrx_word' id='word_1_354' title='bbox 317 4312 359 4373; x_wconf 84' lang='lat' dir='ltr'><em>tv,</em></span> <span class='ocrx_word' id='word_1_355' title='bbox 380 4327 403 4374; x_wconf 87' lang='lat'><em>2,</em></span> <span class='ocrx_word' id='word_1_356' title='bbox 422 4313 476 4372; x_wconf 79' lang='lat' dir='ltr'><em>xli,</em></span> <span class='ocrx_word' id='word_1_357' title='bbox 497 4315 537 4369; x_wconf 82' lang='lat'><em>32,</em></span> <span class='ocrx_word' id='word_1_358' title='bbox 557 4312 632 4359; x_wconf 82' lang='lat' dir='ltr'><em>l&#39;rov.</em></span> <span class='ocrx_word' id='word_1_359' title='bbox 652 4311 728 4370; x_wconf 81' lang='lat' dir='ltr'><strong>XXX,</strong></span> <span class='ocrx_word' id='word_1_360' title='bbox 747 4309 771 4358; x_wconf 81' lang='lat' dir='ltr'><em>ti.</em></span> <span class='ocrx_word' id='word_1_361' title='bbox 823 4325 862 4359; x_wconf 86' lang='lat'><em>21.</em></span> <span class='ocrx_word' id='word_1_362' title='bbox 884 4309 972 4359; x_wconf 84' lang='lat' dir='ltr'><em>Matth.</em></span> <span class='ocrx_word' id='word_1_363' title='bbox 986 4311 1051 4371; x_wconf 80' lang='lat' dir='ltr'><em>xlx,</em></span> <span class='ocrx_word' id='word_1_364' title='bbox 1070 4306 1094 4358; x_wconf 79' lang='lat' dir='ltr'><em>s).</em></span> 
     </span>
     <span class='ocr_line' id='line_1_44' title="bbox 109 4379 781 4444; baseline -0.001 -15"><span class='ocrx_word' id='word_1_365' title='bbox 109 4383 149 4432; x_wconf 74' lang='lat'><em>23.</em></span> <span class='ocrx_word' id='word_1_366' title='bbox 170 4379 258 4429; x_wconf 87' lang='lat' dir='ltr'><em>Matth.</em></span> <span class='ocrx_word' id='word_1_367' title='bbox 280 4382 321 4444; x_wconf 93' lang='lat' dir='ltr'><em>Vl,</em></span> <span class='ocrx_word' id='word_1_368' title='bbox 342 4396 382 4443; x_wconf 73' lang='lat' dir='ltr'><em>ri,</em></span> <span class='ocrx_word' id='word_1_369' title='bbox 403 4397 442 4430; x_wconf 82' lang='lat'><em>22.</em></span> <span class='ocrx_word' id='word_1_370' title='bbox 528 4383 567 4432; x_wconf 69' lang='lat'><em>3¹.</em></span> <span class='ocrx_word' id='word_1_371' title='bbox 588 4382 595 4430; x_wconf 93' lang='lat'>1</span> <span class='ocrx_word' id='word_1_372' title='bbox 617 4382 677 4430; x_wconf 85' lang='lat' dir='ltr'><em>Cor.</em></span> <span class='ocrx_word' id='word_1_373' title='bbox 702 4397 721 4441; x_wconf 89' lang='lat'><em>1,</em></span> <span class='ocrx_word' id='word_1_374' title='bbox 741 4395 781 4429; x_wconf 82' lang='lat'><em>22.</em></span> 
     </span>
    </p>
   </div>
   <div class='ocr_carea' id='block_1_6' title="bbox 0 0 1546 5138">
    <p class='ocr_par' dir='ltr' id='par_1_6' title="bbox 0 0 1546 5138">
     <span class='ocr_line' id='line_1_45' title="bbox 0 0 1546 5138; baseline 0 0"><span class='ocrx_word' id='word_1_375' title='bbox 0 0 1546 5138; x_wconf 95' lang='lat' dir='ltr'><em> </em></span> 
     </span>
    </p>
   </div>
  </div>
 </body>
</html>
