3082 5138
377 1345 573 1443 INCIPIT
604 1346 761 1441 LIBER
792 1344 1087 1442 SECUNDUS.

656 1553 761 1619 CAP.
785 1553 811 1616 I.

282 1713 424 1790 Sequitur
455 1713 487 1770 in
519 1727 600 1771 textu
633 1712 797 1788 evangelii:
835 1713 980 1770 Attendite
1013 1732 1047 1770 ne
1079 1713 1222 1770 iusticiam

239 1813 366 1859 vestram
384 1801 509 1876 faciatis
532 1819 632 1858 coram
661 1801 833 1872 hominibus,
862 1811 893 1855 ut
921 1801 1078 1857 videamini
1103 1801 1139 1857 ab
1168 1801 1225 1857 eis:

215 1889 366 1964 §alioquin
399 1888 562 1945 mercedem
592 1907 647 1944 uon
677 1887 817 1944 habebitis
844 1888 925 1964 apud
950 1898 1068 1964 patrem
1094 1899 1224 1945 uestrum

239 1976 288 2051 qui
314 1976 341 2031 in
369 1975 437 2032 celis
466 1986 515 2032 est.
553 1975 625 2031 Cum
650 1994 724 2053 ergo
740 1975 823 2050 sacis
847 1975 1043 2045 elemosinam,
1077 1975 1138 2031 noIi
1159 1985 1226 2032 unte

238 2075 266 2119 te
292 2063 360 2119 tuba
388 2080 502 2133 canere,
535 2063 608 2118 sicut
634 2062 777 2141 ypocrite
795 2063 915 2137 faciunt
943 2062 970 2117 in
998 2063 1167 2140 synagogis
1199 2072 1225 2118 et

239 2149 318 2220 uicis,
351 2159 382 2205 ut
409 2149 637 2226 honorificentur
660 2150 695 2206 nb
719 2149 890 2206 homiuibus.
926 2149 1016 2205 Amen
1040 2150 1104 2205 dico
1129 2149 1224 2216 vobis;

239 2247 409 2313 receperunt
433 2238 595 2294 mercedem
619 2256 711 2292 suurn.
742 2237 780 2295 Te
803 2248 897 2293 autem
914 2236 1046 2312 faciente
1069 2236 1223 2293 elemosina

200 2324 345 2382 ronescint
375 2324 493 2380 sinistra
522 2336 571 2379 tua
600 2325 669 2398 quid
689 2324 787 2399 jacint
812 2325 936 2380 dextera
960 2333 1020 2393 tue,
1053 2334 1083 2379 ut
1106 2324 1143 2379 sit
1166 2323 1222 2380 ele-

239 2411 348 2466 mosina
381 2421 430 2467 tua
462 2411 490 2466 in
524 2411 701 2477 abscondito,
737 2422 763 2466 et
792 2422 880 2486 peter
912 2421 978 2465 tuus
1010 2411 1059 2484 qui
1090 2411 1167 2467 videt
1197 2410 1224 2465 in

238 2498 406 2554 abscondito
431 2499 535 2555 reddet
558 2498 616 2554 tibi.

280 2585 405 2641 Videtur
421 2585 622 2659 Augustinum
648 2605 715 2641 cum
734 2587 952 2659 Chrysostomo
970 2584 1124 2640 intendere
1141 2586 1223 2658 quod
1261 2588 1418 2669 tttrueno‘we·

238 2671 285 2727 hie
318 2671 464 2746 inciperet
498 2672 663 2747 capitulum
693 2686 807 2728 sextum
833 2672 969 2741 Matthei,
1003 2671 1074 2745 quia
1107 2684 1222 2745 septem
1242 2642 1426 2749 [aiiiiiiiiiiu

198 2757 372 2832 ripredicta
412 2761 554 2816 mundata
595 2759 731 2830 minima,
771 2773 802 2816 ut
836 2758 970 2834 quuitur
1002 2757 1218 2829 Crisostomus,
1250 2745 1426 2841 'flfgnhffiewffi'

238 2864 366 2921 sequens
400 2846 527 2903 formam
562 2846 717 2920 evangelii,
751 2861 819 2903 sunt
853 2865 995 2904 connexa.
1037 2846 1088 2902 Illa
1121 2858 1221 2902 autem
1235 2849 1423 2895 mannertodor

239 2932 400 3008 sequencia
424 2947 492 2990 sunt
516 2935 746 3009 quodammodo
770 2947 920 3009 separata,
945 2933 1016 3008 quia
1033 2934 1144 2989 docent
1161 2950 1224 2988 mo-

240 3022 311 3077 dum
340 3040 402 3095 quo
432 3023 523 3078 homo
552 3023 639 3078 debet
669 3020 838 3077 doctrinam
863 3039 953 3096 quam
979 3019 1116 3078 Christus
1141 3019 1225 3094 prius

240 3107 342 3164 docuit
366 3108 542 3183 adimplere.
568 3110 637 3165 Ideo
661 3108 846 3183 Augustinus
871 3107 919 3163 hic
943 3106 1089 3183 incipiens
1114 3105 1223 3163 librum

197 3214 327 3252 eosuum
352 3197 516 3252 seeundum
543 3197 579 3252 de
601 3213 740 3253 sermone
757 3194 879 3252 Domini
902 3194 932 3251 in
951 3208 1052 3251 monte
1068 3193 1111 3251 sie
1127 3192 1225 3268 quui-

240 3295 302 3338 tur:
336 3283 583 3341 Misericordiam.
618 3301 706 3357 usque
732 3283 772 3339 nd
799 3283 880 3338 cuius
913 3282 1119 3338 tructucionern
1154 3281 1228 3337 liber

237 3369 354 3444 primus
382 3370 537 3426 terminum
567 3371 688 3446 accepit,
721 3371 852 3445 sequitur
875 3370 972 3425 cordis
997 3369 1141 3424 mundicia
1166 3368 1227 3423 siue

240 3457 404 3527 mundecio,
442 3458 516 3513 unde
550 3459 603 3513 iste
629 3458 772 3514 secundus
799 3457 886 3512 sumit
914 3456 1081 3513 exordium.
1120 3456 1227 3511 (lerdis

239 3555 334 3600 atatem
364 3545 508 3601 mundicia
537 3556 578 3601 est
606 3556 752 3621 tamquam
781 3545 881 3600 ncuIns
907 3561 1003 3619 purus
1033 3561 1088 3618 quo
1113 3542 1227 3598 ridetur

199 3631 375 3687 :fidentinus
391 3632 472 3689 Deus
495 3632 576 3688 cuius
598 3634 738 3709 simplicis
762 3633 888 3689 habendi
909 3642 1021 3687 tuntum
1045 3649 1146 3686 curem
1165 3647 1227 3686 esse

241 3729 353 3794 oportet
377 3732 513 3794 quantem
538 3721 597 3776 eius
622 3721 665 3776 rei
688 3721 817 3797 dignitas
832 3720 966 3798 flagitat,
991 3737 1045 3794 que
1068 3718 1121 3772 tnIi
1143 3715 1226 3773 oculo

237 3816 335 3881 potest
358 3808 492 3883 conspici.
519 3805 596 3862 Huic
619 3818 714 3863 niuem
740 3808 823 3863 oculo
848 3826 956 3884 magna
980 3824 1019 3862 ex
1040 3815 1128 3882 purte
1144 3823 1225 3861 mtur-

241 3893 309 3948 dato
343 3895 464 3971 difficile
495 3903 537 3950 est
570 3913 625 3950 non
654 3912 811 3970 surrepere
839 3894 943 3950 sordes
971 3893 1085 3968 aliquas
1109 3892 1144 3948 de
1172 3891 1227 3947 hiis

294 4193 312 4224 2.
328 4184 349 4226 Α
363 4183 387 4226 in
398 4195 483 4237 marg.:
498 4192 541 4226 cam
557 4192 589 4226 rm.
644 4183 665 4226 8.
681 4184 714 4226 A:
731 4184 805 4227 viciis.
880 4182 908 4228 13Δ
920 4186 940 4228 Α
952 4185 975 4228 In
986 4197 1071 4240 marg:
1082 4183 1229 4242 Augustinus

241 4240 263 4278 et
280 4234 438 4279 Crt'sostornus.
494 4237 573 4290 17.n:
589 4239 707 4291 seperate.

298 4377 388 4411 1-12.
407 4361 497 4411 Matth.
517 4363 560 4422 VI,
587 4377 661 4425 1—4.
752 4378 791 4412 ει.
816 4365 841 4413 S.
866 4364 1003 4428 Augustini
1044 4365 1081 4413 De
1105 4381 1228 4415 sermone

240 4432 347 4482 Domini
367 4433 392 4480 in
411 4443 501 4481 monte
521 4433 602 4497 [Opp.
621 4440 685 4482 toni.
706 4433 746 4496 III,
766 4450 790 4498 p.
811 4434 851 4496 II),
871 4450 896 4498 p.
917 4448 1063 4482 roo-202.
