3082 5138
217 493 284 538 cue.
300 481 364 562 nxz]
570 497 729 546 secutum
750 496 844 544 enus,

218 659 305 712 letum
335 656 410 711 diem
440 656 562 712 dicimus
585 657 661 730 qnod
689 656 761 711 letos
777 656 876 730 saciat
906 666 932 710 et
949 656 1060 732 frigus
1081 656 1203 733 pigrum

218 744 293 818 qnod
321 744 428 820 pigros
447 743 527 818 facit
560 754 586 798 et
614 743 837 798 innumerabilia
869 742 1037 798 lmiusmodi
1064 761 1117 817 qne
1145 743 1205 798 siue

217 830 422 886 consuetudine
448 830 509 885 siue
539 847 674 885 sermone
702 831 865 895 doctorum,
897 829 959 884 siue
988 830 1015 884 iu
1047 829 1205 905 scripturis

216 917 323 973 sanetis
351 917 545 991 reperiuntur.
581 917 667 984 Quod
695 935 749 973 non
779 917 972 993 intelligentes
1005 917 1127 972 heretici
1158 917 1206 990 qui

194 1004 309 1059 52¹eteri
344 1015 515 1060 testamento
555 1004 760 1074 adversantur,
800 1003 877 1058 velut
921 1004 1092 1081 ignoraucie
1130 1002 1205 1059 vicio

216 1091 372 1146 notandum
398 1101 503 1166 putant
531 1110 606 1156 estin,
635 1091 671 1146 de
693 1109 747 1164 quo
780 1090 889 1146 dictum
914 1101 971 1146 est:
999 1092 1131 1166 Temptat
1155 1108 1206 1145 vos

216 1178 349 1234 dominus
381 1179 462 1234 Dens
497 1189 603 1250 uester,
640 1178 722 1251 quasi
758 1177 785 1232 in
818 1178 970 1254 euangelio
1009 1179 1045 1234 de
1077 1177 1205 1233 Domino

216 1266 323 1322 dictum
353 1283 408 1320 non
437 1266 490 1321 sit:
517 1265 583 1321 Hoc
610 1275 705 1320 autem
730 1265 841 1320 dicebat
864 1275 1008 1339 temptans
1036 1284 1111 1335 eum,
1145 1265 1206 1339 ipse

216 1353 289 1408 enim
318 1353 427 1409 sciebat
455 1351 525 1426 quid
551 1361 625 1407 esset
645 1352 796 1426 facturus.
831 1352 864 1407 Si
895 1351 969 1408 enim
1004 1363 1123 1408 noverat
1153 1370 1206 1408 cor

177 1464 205 1495 ιο
216 1441 363 1515 cinsqnod
373 1439 541 1515 temptabat,
558 1438 627 1513 qnid
637 1449 680 1494 est
695 1440 772 1513 qnod
789 1439 879 1493 voluit
896 1439 997 1496 videre
1012 1439 1206 1514 temptando?

217 1528 275 1583 Sed
298 1528 434 1603 profecto
459 1526 533 1581 illud
549 1527 667 1600 sactum
696 1537 748 1595 est,
778 1536 808 1579 ut
835 1526 897 1601 ipse
929 1525 984 1581 sibi
1011 1537 1094 1581 notus
1113 1527 1205 1602 fieret

216 1614 265 1689 qui
300 1615 497 1689 temptabatur
534 1630 672 1688 suamque
706 1613 941 1688 desperacionem
977 1615 1205 1689 condempnaret

216 1702 355 1757 saturatis
379 1702 471 1757 turbis
493 1702 617 1776 depone
632 1700 760 1772 Domini,
783 1699 833 1774 qui
854 1717 903 1756 eas
927 1717 982 1756 non
1006 1701 1113 1758 habere
1128 1701 1205 1775 quod

218 1790 334 1844 ederent
357 1788 586 1844 existimaverat.

179 1882 205 1931 15
261 1877 326 1931 Non
350 1893 424 1953 ergo
448 1875 494 1931 tn‘c
518 1885 632 1945 oratur,
661 1885 692 1929 ut
720 1892 775 1930 non
804 1884 989 1949 temptemur,
1018 1877 1070 1931 sed
1094 1887 1124 1930 ut
1148 1894 1203 1930 non
1245 1889 1290 1931 We
1306 1889 1336 1932 eo
1350 1896 1391 1931 not

217 1962 386 2038 inseramur
415 1963 443 2017 in
475 1961 704 2039 temptacionem,
737 1972 884 2037 tamquam
923 1963 948 2018 si
985 1963 1125 2038 quispiam
1159 1963 1206 2018 cui
1224 1943 1416 2047 ᾞρᾞῗὲῐξυῗο

217 2069 330 2107 necesse
353 2061 396 2107 est
419 2050 488 2127 igne
510 2049 679 2106 examinari
701 2068 756 2104 non
781 2060 845 2105 oret
868 2060 898 2104 ut
921 2050 990 2127 igne
1013 2068 1067 2104 non
1092 2050 1201 2105 comin-
1232 2053 1271 2087 ¹¹0¹
1287 2047 1353 2140 ¹3¹3·
1368 2047 1404 2088 ΙΝ

216 2150 307 2215 gatnr
339 2139 392 2194 sed
423 2148 453 2192 ut
486 2155 540 2191 non
573 2146 728 2192 exuratur.
765 2136 839 2194 Vasa
872 2136 947 2191 enim
971 2136 1067 2212 figuli
1095 2137 1201 2211 probat
1245 2153 1390 2205 tempsanus.

208 2227 329 2299 fornax
357 2235 384 2279 et
407 2224 536 2280 hornines
559 2223 649 2279 iustos
677 2223 831 2298 temptacio
859 2223 1067 2278 tribulationis.
1095 2223 1202 2299 loseph

175 2331 289 2388 soergo
319 2322 476 2387 temptatus
503 2321 545 2366 est
575 2310 711 2367 illecebra
741 2309 846 2385 stupri,
874 2310 927 2366 sed
955 2328 1010 2365 non
1039 2321 1081 2365 est
1105 2310 1205 2364 illatus

217 2401 244 2453 iu
268 2399 498 2473 temptacionem.
533 2399 666 2453 Susanna
691 2407 830 2472 temptata
855 2408 897 2453 est
922 2415 972 2453 nec
999 2397 1062 2471 ipsa
1087 2397 1203 2452 inducta

218 2487 263 2541 rel
285 2486 368 2540 illata
393 2486 420 2539 in
445 2485 674 2561 temptacionem,
699 2484 837 2558 multique
860 2484 912 2539 alii
934 2484 1083 2558 utriusque
1105 2500 1205 2549 serus,

216 2574 268 2627 sed
290 2573 343 2628 Job
368 2573 506 2640 maxime,
535 2573 615 2628 citius
643 2570 847 2627 admirabilem
877 2571 1064 2627 stabilitatem
1088 2570 1116 2625 in
1141 2571 1204 2625 Deo

219 2660 345 2715 Domino
375 2677 436 2729 suo,
466 2677 529 2714 cum
559 2659 603 2713 illi
626 2658 748 2714 heretici
779 2660 873 2713 hostes
904 2659 1009 2714 ueteris
1041 2656 1206 2712 testamenti

177 2753 206 2800 25
218 2765 268 2801 ore
284 2747 432 2824 sacrilego
449 2745 578 2799 irridere
595 2745 747 2815 voluerint,
772 2745 846 2799 illud
859 2763 914 2820 pre
935 2745 1038 2801 ceteris
1055 2744 1205 2814 ventilant,

218 2835 294 2906 qnod
316 2845 435 2888 satanas
454 2832 591 2909 petiuerit
615 2849 678 2886 eum
703 2833 880 2887 tentandum.
913 2832 1046 2897 Querunt
1069 2832 1143 2888 enim
1168 2832 1204 2886 ab

219 2920 378 2975 horninibus
396 2920 538 2995 imperitis·
559 2919 631 2974 talia
652 2918 817 2996 intelligere
838 2937 1015 2993 nequaquam
1034 2919 1203 2987 ualentibus,

218 3008 360 3081 quomodo
388 3019 507 3062 satanas
537 3025 600 3063 cnm
632 3006 695 3061 Deo
719 3006 797 3080 loqui
815 3007 954 3081 potuerit,
984 3024 1039 3061 nou
1063 3006 1204 3062 intuentes

218 3096 286 3163 (non
310 3095 383 3149 enim
401 3105 534 3169 possunt,
554 3112 617 3149 cum
641 3093 848 3168 supersticione
862 3104 889 3148 et
910 3094 1092 3150 contencione
1114 3093 1206 3149 cecati
1244 3104 1296 3164 Coe
1313 3106 1332 3147 is
1347 3114 1393 3166 not·

176 3181 286 3253 30sint)
312 3182 405 3236 Deum
435 3199 489 3235 non
514 3180 570 3236 loci
591 3180 721 3255 spacium
751 3181 826 3235 rnole
853 3181 987 3256 corporis
1010 3198 1154 3255 occupare
1176 3190 1203 3234 et
1225 3158 1408 3253 dinqqqoquns

217 3269 257 3322 sic
281 3267 352 3322 alibi
374 3285 445 3336 esse,
469 3267 540 3322 alibi
562 3286 617 3322 non
641 3285 702 3322 esse
724 3278 774 3322 ant
794 3268 840 3323 hic
864 3279 942 3324 certe
962 3269 1070 3324 habere
1086 3278 1201 3342 partem
1234 3256 1402 3318 everywhere.

217 3355 305 3410 aliam
335 3365 361 3409 et
390 3354 459 3409 alibi
486 3355 584 3409 aliam.
614 3355 673 3410 Sed
699 3355 850 3410 maiestate
877 3355 979 3431 ubique
1002 3366 1103 3432 presto
1132 3372 1203 3424 esse,

218 3462 272 3497 non
298 3460 355 3517 per
374 3452 477 3516 partes
502 3441 625 3496 diuisum
655 3443 706 3497 sed
735 3443 835 3517 ubique
860 3443 1038 3518 perfectum.
1071 3443 1158 3511 Quod
1179 3441 1206 3498 si

218 3530 380 3585 carnaliter
396 3530 542 3584 intuentur
558 3529 635 3603 qnod
651 3530 758 3585 dictum
777 3541 833 3586 est:
857 3530 958 3585 Celnm
981 3531 1068 3586 michi
1082 3532 1204 3586 tln·onus

177 3626 206 3675 35
218 3628 259 3672 est
282 3627 307 3671 ot
324 3627 404 3670 terra
421 3616 578 3673 scabellum
593 3616 700 3690 pedum
718 3636 857 3687 meorum,
875 3618 922 3673 cni
937 3619 1001 3673 loco
1017 3628 1043 3672 et
1060 3617 1203 3673 Dominus

130 3713 189 3762 [335⁴
218 3705 382 3758 adtestatur
415 3703 526 3758 dicens:
564 3703 629 3757 Non
659 3704 769 3758 imabis
789 3699 793 3784 l
813 3723 902 3779 neque
927 3705 1109 3780 porcetum,
1138 3705 1203 3778 quia

218 3793 340 3846 tiu-onus
365 3791 421 3846 Ilei
447 3803 499 3857 est,
535 3808 624 3865 neque
647 3809 704 3865 per
731 3801 852 3861 terram,
881 3792 948 3865 quia
976 3791 1132 3848 scabellum
1163 3800 1204 3847 est

215 3879 321 3951 pedum
339 3879 408 3942 eins,
423 3879 493 3952 qnid
508 3878 625 3947 mirmn,
640 3878 667 3934 si
681 3878 709 3932 in
724 3888 803 3933 terra
816 3877 948 3934 diabolus
960 3879 1129 3935 constitutus
1139 3888 1205 3933 ante

269 4096 288 4138 3.
304 4099 337 4139 A:
353 4097 403 4139 sive
418 4098 442 4138 in
456 4109 570 4139 sermone.
625 4098 685 4149 7.B:
699 4097 1005 4151 nester.utsctatqmsttn.
1059 4099 1139 4140 mn:
1166 4110 1204 4140 ue·

218 4155 275 4210 rum
289 4151 363 4191 twice.
410 4203 413 4210 Ι
440 4149 476 4192 30.
493 4147 526 4202 37.
542 4152 575 4191 A:
587 4151 647 4208 quia
662 4150 761 4192 thronus
776 4149 867 4192 tutan
882 4151 958 4197 dcem
974 4151 990 4191 B
1005 4152 1027 4191 in
1044 4161 1117 4204 marg.
1133 4109 1203 4192 addit.

218 4202 250 4243 58.
268 4202 357 4244 coes:
372 4203 428 4254 quui
442 4203 513 4243 deest.
530 4202 625 4243 Addidi.

270 4308 294 4356 o.
313 4292 372 4340 Joh.
387 4292 428 4345 Vt.
448 4290 471 4339 o.
548 4291 584 4339 18.
604 4291 682 4339 Eccli.
702 4291 804 4351 XXVll,
824 4290 848 4341 6.
924 4307 960 4357 19.
976 4292 1040 4341 Gen.
1054 4292 1165 4353 xxxix,
1180 4307 1203 4356 7.

219 4375 258 4407 21.
279 4363 342 4409 Dan.
367 4361 430 4420 ΧΙΙΙ,
456 4363 497 4410 30.
605 4359 643 4410 26.
666 4362 725 4410 lob.
745 4361 763 4423 1,
786 4377 824 4411 ιι.
931 4363 971 4424 34.
994 4362 1041 4412 lsn,
1067 4362 1156 4425 LXVI,
1183 4378 1203 4411 ι.

219 4428 259 4481 36.
278 4431 367 4481 Matth.
387 4432 418 4493 V,
439 4432 480 4494 34.
