3082 5138
135 448 203 493 cnr.
218 439 280 521 ut]
491 456 650 506 SECUNDA
671 458 767 506 PARs.

134 615 304 688 formidine,
338 617 362 672 si
387 631 416 674 et
440 630 588 691 quatenus
603 631 706 674 nostra
721 617 873 675 sentencia
899 631 1045 674 consonat
1062 618 1119 691 legi

135 703 198 759 Dei.
245 706 281 760 Et
320 717 393 761 nota
431 704 591 778 diligenter
637 704 717 761 dicta
763 704 940 762 Crisostomi
985 704 1119 778 capitulo

133 790 271 864 proximo
303 791 439 863 recitata,
477 791 528 849 ubi
561 792 634 849 dicit
666 793 748 866 quod
785 791 909 867 quidam
939 793 1051 848 cadunt
1084 795 1120 848 de

133 877 273 952 ecclesia;
311 898 388 953 quos
411 878 596 952 Augustinus
628 898 698 953 sepe
736 878 808 936 dicit
834 898 989 953 nunquam
1030 879 1119 936 fuisse

109 968 271 1027 §membra
300 966 433 1038 ecclesie,
467 980 496 1023 et
528 966 584 1023 iste
616 980 737 1024 sanctus
766 984 902 1042 expresse
931 966 1004 1023 dicit
1036 968 1117 1042 quod

133 1071 289 1127 nunquam
314 1053 434 1110 fuerunt
458 1050 625 1112 christiani.

177 1142 214 1196 Et
255 1140 325 1197 hinc
361 1139 479 1197 videtur
520 1141 702 1216 quibusdam
744 1140 881 1197 mirabile
914 1142 996 1215 quod
1030 1140 1118 1219 Anti-

133 1226 263 1284 christus
290 1241 375 1301 urget
408 1241 440 1284 ut
469 1227 558 1284 fidem
592 1230 713 1285 credere
745 1230 827 1302 quod
860 1227 923 1302 ipse
958 1227 995 1284 sit
1028 1241 1119 1302 caput

133 1314 257 1372 ecclesie
296 1313 472 1372 universalis
511 1328 540 1372 et
578 1314 686 1389 prelati
724 1314 819 1372 nostri
857 1314 1018 1372 vendicant
1057 1334 1116 1372 non

92 1402 229 1462 rosolum
268 1404 348 1477 quod
389 1401 449 1458 sint
483 1402 649 1473 christiani,
682 1405 735 1459 sed
768 1403 850 1476 quod
883 1416 953 1458 sunt
986 1416 1118 1461 rectores

133 1488 257 1546 ecclesie
295 1489 450 1563 apostolos
488 1488 651 1546 imitantes.
690 1489 805 1546 Fideles
844 1503 943 1546 autem
983 1488 1118 1547 dicerent

132 1574 156 1631 si
195 1577 340 1633 auderent
373 1577 455 1650 quod
487 1588 663 1650 supponunt
700 1595 733 1633 ex
766 1572 914 1651 probabili
952 1577 1116 1646 evidencia,

132 1681 194 1719 non
239 1676 342 1720 tamen
382 1664 508 1720 credunt
546 1677 579 1719 ut
625 1662 716 1720 fidem
756 1665 836 1738 quod
876 1682 955 1737 papa
994 1676 1022 1720 et
1061 1663 1117 1720 iste

132 1763 212 1807 secte
235 1762 367 1824 quatuor
389 1763 459 1806 sunt
488 1752 525 1807 de
549 1749 674 1807 ecclesia
702 1751 749 1806 vel
772 1749 927 1807 christiani
955 1749 1012 1807 nisi
1040 1750 1117 1807 forte

93 1845 120 1894 ιδ
133 1836 252 1894 dicatur
268 1836 413 1912 equivoce
423 1839 505 1912 quod
522 1850 592 1893 suut
603 1836 728 1894 ecclesia
740 1836 977 1912 malignancium
988 1855 1116 1912 sequeu-

134 1937 177 1981 tes
200 1924 326 1999 vestigia
351 1924 527 1982 Scariothis.

178 2014 237 2069 Sed
261 2012 386 2069 dimissa
415 2011 471 2070 ista
504 2013 626 2087 loquela
659 2011 854 2069 contenciosa
887 2012 1040 2067 notandus
1072 2018 1319 2077 estTlresccuarc

135 2116 240 2155 sensus
268 2099 448 2156 Crisostomi
489 2118 579 2174 quern
615 2098 699 2155 addit
740 2101 777 2154 de
810 2097 921 2172 pluvia,
960 2111 1048 2154 vento
1088 2070 1332 2165 et¹”tliiimtiairiind

135 2185 268 2245 flumine.
317 2187 491 2244 Consanum
523 2185 646 2261 quidem
681 2199 725 2242 est
763 2187 846 2259 quod
879 2187 969 2241 verba
993 2184 1117 2241 Domini
1167 2175 1293 2227 greartatt.

90 2274 266 2331 rehabeant
289 2274 390 2347 plures
413 2292 519 2331 sensus
544 2273 711 2330 catholicos
741 2291 834 2347 quam
860 2272 1117 2344 comprehendere

132 2360 319 2417 sufficiamus
356 2359 404 2417 hic
428 2361 459 2417 in
492 2359 548 2417 via.
591 2359 717 2417 Videtur
757 2372 859 2416 autem
897 2358 1116 2415 Crisostomum

132 2446 244 2504 sentire
278 2449 359 2522 quod
388 2448 568 2505 edificantes
601 2446 700 2504 taliter
729 2446 859 2521 qualiter
891 2445 1033 2502 edificant
1062 2447 1116 2501 hee

131 2547 212 2592 secte
237 2548 369 2609 quatuor
387 2553 478 2609 super
502 2552 626 2592 arenam
644 2534 786 2591 edificant
810 2548 839 2590 et
862 2552 924 2590 non
947 2545 1017 2589 sunt
1033 2550 1116 2589 vera·

131 2621 206 2678 citer
245 2621 409 2692 christiani,
454 2621 525 2696 quia
567 2635 722 2696 oporteret
760 2622 842 2695 quod
885 2621 1114 2677 fundamentum

89 2717 221 2766 25suum
246 2708 323 2766 foret
356 2708 386 2765 in
418 2709 533 2766 unitate
557 2708 714 2765 christiani
742 2708 842 2782 operis
866 2719 1115 2777 commassatum‚

132 2797 224 2852 modo
247 2809 349 2853 autem
383 2795 600 2854 discontinuati
623 2816 640 2853 a
664 2795 725 2853 vita
758 2809 786 2851 et
810 2796 913 2869 regula
938 2793 1112 2852 Salvatoris.

131 2882 181 2939 lsti
205 2896 306 2941 autem
330 2882 471 2940 videntur
493 2883 591 2941 facere
615 2883 735 2940 ruinam
760 2901 900 2957 magnam
930 2895 959 2938 et
980 2880 1115 2938 funditus

130 2969 209 3027 infra
233 2972 321 3028 breve
353 2988 504 3039 corruere,
550 2970 622 3045 quia
645 2969 718 3044 ipsis
743 2969 845 3026 delicit
869 2969 1114 3029 fundamentum,

130 3056 294 3114 Christiani
319 3071 418 3114 autem
436 3057 506 3115 licet
530 3059 568 3113 ad
591 3070 710 3131 tempus
734 3056 935 3129 peccaverint,
959 3054 1030 3131 quia
1053 3072 1114 3111 ser-

88 3155 200 3204 3ovant
240 3144 329 3201 fidem
365 3144 500 3216 Domini,
540 3143 668 3201 faciliter
701 3158 827 3218 possunt
859 3162 893 3200 ex
926 3141 1028 3218 gracia
1060 3142 1115 3198 Dei

131 3249 296 3306 resurgere.

182 3468 262 3530 ¹47¹?
283 3470 316 3510 A:
327 3469 364 3510 vel
371 3491 393 3530 ‘.
404 3468 500 3530 ecclesia
511 3468 586 3529 dccst.¹
636 3465 665 3510 31.
682 3469 715 3510 A:
730 3465 832 3528 &prlicit
841 3471 953 3528 tractatas
962 3466 993 3528 de
1002 3467 1114 3509 Sermone

128 3518 1115 3627 bostatltzbltlt‘szttttt‘tltttrlf¹”¹''¹‘¹⁴‘’''‘”‘“'¹t²¹⁴²‘⁰‘¹⁸¹‘t‘'
