3082 5138
733 472 823 521 oeus
842 470 1095 520 snuuootscuu
1248 451 1329 534 [eun.
1346 463 1405 506 ux.

420 642 537 685 nostro:
568 631 620 686 sed
650 631 835 705 ntauifestum
866 630 1044 686 existinmuit
1067 648 1132 685 cum
1154 629 1268 704 fratris
1297 629 1412 684 nomine

420 717 610 772 christianum
635 717 762 794 intelligi
785 717 875 772 voluit
898 718 946 792 qui
967 717 1112 792 infidelem
1130 717 1250 772 haberet
1274 733 1409 771 uxorem.

421 802 460 858 Εἰ
492 804 556 860 ideo
585 804 676 879 patilo
710 815 777 879 post
815 804 898 859 dicit:
940 804 1027 872 Quod
1058 804 1085 858 si
1120 804 1247 881 infidelis
1277 803 1409 870 discedit,

209 901 227 944 lt
243 901 263 942 is
278 901 345 942 suoi
360 911 404 941 one
421 889 565 946 discedat:
589 909 643 945 uon
667 903 708 946 est
724 902 819 946 autem
836 892 970 946 seruituti
983 891 1128 946 subiectus
1137 891 1244 964 frater
1260 891 1306 945 uel
1322 909 1411 945 soror

203 954 448 1049 ‘⁸''¹¹};¹,¹,‘3⁸ss.¹,¹2”*'¹irt
472 978 646 1036 huiusmodi,
687 978 841 1033 Peccatum
875 996 949 1055 ergo
973 978 1088 1053 fratris
1119 978 1159 1033 ad
1187 989 1311 1033 mortem
1337 985 1436 1051 puto&

204 1060 299 1154 ’1Ἦὶξὲἱῖ
311 1058 400 1165 :lt-:1¹:⁸¹
419 1082 491 1129 esse,
515 1083 579 1120 cum
601 1076 668 1140 post
691 1066 872 1142 agnicionem
896 1065 953 1120 Dei
971 1084 1028 1140 per
1050 1065 1186 1142 graciam
1212 1064 1412 1121 rrzi.sericordis

289 1146 292 1151 ’
419 1151 541 1207 Domini
563 1153 656 1208 nostri
669 1152 737 1207 Jesu
758 1152 871 1207 Christi
884 1152 1000 1227 queisque
1023 1163 1175 1228 oppugnat
1183 1151 1410 1226 fraternitatem

419 1248 446 1294 et
477 1240 621 1295 aduersus
653 1239 744 1314 ipsam
777 1239 912 1316 graciam
945 1258 1001 1313 qua
1034 1239 1097 1294 Deo
1132 1238 1337 1295 reconciliatus
1369 1250 1410 1294 est

419 1325 527 1382 invidie
542 1327 678 1401 fascibus
701 1327 835 1403 agitatur
860 1327 947 1381 dttctu
976 1325 1091 1381 diaboli.
1126 1326 1280 1382 Peccatum
1313 1337 1410 1381 autem

419 1431 475 1469 uon
499 1414 539 1468 ad
562 1425 686 1469 ritortent
710 1425 763 1483 est,
787 1413 840 1468 sed
862 1413 1011 1488 quisquam
1036 1432 1090 1469 nou
1115 1431 1246 1468 artiorem
1271 1433 1288 1468 a
1304 1412 1455 1487 fratreio

419 1500 599 1569 alienaverit,
635 1500 688 1556 sed
723 1499 822 1576 officia
847 1500 1054 1575 fraternitatis
1082 1500 1177 1555 debita
1204 1518 1260 1575 per
1283 1500 1410 1574 aliquam

419 1587 617 1664 infirmitatem
634 1587 725 1641 am'mi
740 1606 795 1641 non
811 1587 984 1642 exhibuerit.
1013 1586 1204 1662 Quapropter
1220 1598 1245 1642 et
1265 1586 1411 1642 Donninus

420 1676 456 1730 de
472 1692 558 1730 cruce
573 1675 629 1730 ait:
650 1674 741 1729 Pater
756 1674 874 1751 ignosce
890 1674 940 1745 eis,
957 1673 1022 1749 quia
1039 1674 1116 1748 quod
1125 1674 1245 1748 faciunt
1260 1674 1410 1752 ignorant.

420 1761 556 1817 Nondum
592 1761 665 1817 euim
698 1762 801 1839 gracie
825 1761 952 1837 Spiritus
981 1760 1082 1817 Sancti
1111 1761 1313 1817 misericordis
1345 1779 1411 1817 con·

419 1849 559 1905 solatoris
582 1848 677 1904 nostri
688 1849 850 1924 participes
865 1849 959 1923 effecti
973 1848 1138 1904 societatem
1155 1859 1254 1904 sancte
1263 1848 1412 1923 fraterni·
1426 1855 1452 1904 ιδ

420 1936 489 1992 tatis
511 1936 643 1991 inierant.
669 1935 708 1989 Et
731 1936 831 1990 beatus
847 1936 1011 2010 Stephanus
1027 1936 1054 1990 in
1067 1934 1186 1991 Actibus
1202 1934 1409 2010 Apostolorum

421 2034 488 2078 orat
508 2041 565 2099 pro
589 2023 629 2079 eis
652 2041 669 2077 a
693 2023 794 2096 qttibus
819 2023 1017 2098 lapidabatur,
1046 2023 1113 2097 quia
1136 2022 1263 2077 nondum
1293 2021 1411 2077 Christo

421 2111 618 2179 crediderant,
649 2111 792 2166 adversus
817 2110 898 2165 illam
925 2128 1104 2166 comumnem
1124 2109 1260 2186 graciam
1289 2109 1409 2164 dimica·

421 2199 498 2253 bant.
523 2198 562 2252 Et
586 2198 735 2272 apostolus
758 2197 868 2252 Paulus
887 2208 1047 2273 propterea
1071 2197 1160 2252 credo
1184 2214 1239 2252 nou
1264 2206 1331 2252 orat
1352 2214 1410 2271 pro

420 2286 604 2355 AlexandrO,
635 2285 702 2360 quia
726 2285 783 2340 iam
800 2284 906 2358 frater
930 2295 994 2340 erat
1017 2295 1044 2340 et
1067 2284 1107 2339 ad
1134 2295 1270 2355 mortem,
1305 2283 1336 2338 id
1358 2294 1410 2349 est,
1423 2305 1454 2337 πο

421 2372 581 2428 inuidencia
589 2371 814 2447 fraternitatem
837 2372 1034 2448 oppugnando
1055 2382 1240 2445 peccaverat.
1270 2370 1330 2426 Pro
1356 2370 1411 2425 hiis

420 2471 516 2515 autent
529 2460 578 2534 qui
593 2478 649 2515 nou
665 2459 844 2533 abruperant
858 2478 988 2514 amorem
998 2458 1051 2514 sed
1066 2458 1172 2513 timore
1188 2458 1409 2524 succubuerant,

420 2559 486 2601 orat
511 2557 540 2600 ut
564 2546 604 2602 eis
627 2546 807 2622 ignoscatur.
833 2546 880 2602 Sic
896 2546 970 2600 enim
989 2545 1074 2601 dicit.-
1097 2545 1270 2600 Alexauder
1294 2545 1410 2600 erarius

421 2633 512 2688 rriitlta
536 2633 614 2688 attala
639 2632 711 2687 mihi
732 2633 865 2701 ostendit,
889 2633 991 2688 reddet
1015 2632 1061 2688 illi
1082 2632 1226 2688 Ilominus
1249 2633 1408 2688 secundum

420 2738 510 2796 opera
534 2721 611 2788 eius,·
630 2738 712 2793 quem
737 2731 765 2775 et
788 2731 817 2775 tu
842 2719 946 2775 devita.
977 2720 1067 2775 Valde
1086 2720 1159 2776 enim
1178 2719 1283 2774 restitit
1301 2719 1451 2775 uostris25

419 2809 609 2863 sermonibus.
637 2807 749 2862 Deinde
769 2807 917 2883 subiungit
931 2825 990 2881 pro
1005 2807 1108 2882 quibus
1131 2817 1207 2873 orat,
1232 2806 1330 2861 dicens
1354 2806 1409 2860 ita:

420 2896 452 2949 lu
466 2896 564 2970 prima
590 2913 652 2949 mea
677 2894 845 2968 defensioue
867 2912 949 2949 tuentio
973 2894 1045 2948 niihi
1067 2894 1160 2968 affuit,
1183 2893 1236 2948 sed
1259 2911 1344 2948 omne
1367 2911 1411 2946 nte

421 2984 647 3058 dereliquerunt,
672 2999 727 3036 mm
751 2980 810 3036 illis
832 2981 1000 3056 imputetur,

464 3071 523 3124 Ista
548 3069 714 3143 differencia
735 3079 924 3144 peccatorum
948 3068 1055 3123 ludam
1084 3068 1247 3124 tradentem
1276 3085 1294 3121 a
1320 3067 1410 3122 Petro

421 3168 546 3234 negante
566 3156 735 3232 distinguit:
758 3175 812 3210 mm
828 3156 895 3230 quia
909 3155 1049 3231 penitenti
1063 3173 1119 3210 uon
1135 3155 1172 3210 sit
1189 3155 1409 3230 ignoscendum,
1422 3162 1453 3212 30

421 3264 456 3300 ne
477 3256 579 3300 contra
603 3244 684 3299 illane
708 3243 880 3298 sentenciam
899 3242 1019 3298 llornini
1033 3242 1191 3309 veniamus,
1215 3260 1270 3316 qua
1284 3241 1410 3317 precipit

420 3350 535 3406 semper
558 3331 766 3408 ignoscendum
790 3347 852 3385 esse
867 3329 969 3403 fratri
987 3330 1129 3405 penitenti
1155 3329 1202 3385 vel
1226 3328 1346 3403 petenti,
1380 3340 1409 3383 ut

421 3419 476 3473 sibi
490 3419 596 3492 frater
619 3419 767 3494 ignoscat:
798 3417 850 3472 sed
878 3417 943 3491 quia
978 3417 1058 3473 illius
1081 3417 1196 3493 peccati
1222 3426 1302 3471 tanta
1332 3416 1410 3470 labes

421 3518 472 3561 est.
496 3518 526 3559 ut
551 3505 728 3580 deprecandi
750 3504 940 3559 humilitatem
964 3504 1063 3560 subire
1085 3523 1140 3560 non
1161 3504 1263 3580 possit,
1293 3503 1411 3558 eciamsi

418 3605 569 3666 peceatum
586 3610 669 3647 uitem
687 3592 765 3646 tritula
781 3592 957 3647 consciencia
975 3603 1001 3647 et
1017 3610 1180 3668 agnoscere
1195 3603 1222 3646 et
1237 3609 1410 3646 enumerare
1421 3598 1450 3647 35

420 3690 556 3756 cogatur.
577 3680 649 3734 Cum
665 3680 739 3735 enim
757 3679 878 3734 dixisset
889 3679 993 3735 hidas:
1003 3680 1126 3735 Peccaui
1140 3679 1217 3753 quod
1232 3677 1407 3733 tradiderim

420 3768 593 3843 sanguinem
626 3767 742 3831 iustum,
767 3766 891 3839 facilius
919 3778 1014 3822 tamen
1044 3765 1250 3842 desperacione
1278 3764 1407 3820 cucurrit

475 4002 495 4046 ἓ.
513 4005 535 4046 A
556 4004 579 4045 in
603 4015 690 4056 mare:
716 4003 785 4046 Nola.
866 4016 888 4056 o.
910 4005 943 4045 A:
968 4002 1105 4045 iuvideuct'c.
1186 4013 1215 4045 ια.
1241 4001 1270 4043 B:
1295 4000 1407 4044 exhibuit.

424 4068 456 4105 is.
478 4056 507 4097 B:
532 4068 592 4097 emm
616 4057 687 4098 deest.
768 4066 801 4098 22.
823 4057 857 4097 A:
881 4055 1032 4109 abruperunt.
1112 4056 1146 4096 28.
1170 4054 1199 4096 u:
1224 4053 1407 4108 dereliquerant.

424 4107 457 4191 ἓξ.
472 4108 501 4202 ξε
516 4109 749 4202 {iffi-{gwem'u
766 4109 797 4148 ib.
814 4109 846 4150 A:
870 4108 908 4149 uel
927 4107 1017 4160 petenti
1034 4107 1106 4149 deest.
1188 4104 1220 4148 33.
1237 4106 1266 4148 B:
1281 4107 1323 4147 sed
1337 4106 1408 4148 deest.

477 4270 500 4318 3.
519 4269 537 4319 1.
551 4270 612 4317 Cor.
621 4269 676 4330 Vll,
694 4267 731 4317 15.
806 4270 843 4318 13.
864 4269 950 4318 Lucae
968 4268 1056 4328 XXlll,
1072 4270 1112 4330 34.
1171 4265 1209 4315 16.
1228 4265 1408 4331 Act.vt1,59.

425 4339 465 4387 23.
485 4339 501 4386 l.
521 4338 590 4387 Tim.
610 4339 653 4399 tv,
676 4354 714 4401 ¹4·
816 4340 856 4389 33.
877 4339 963 4388 Lucue
981 4339 1061 4399 XVII,
1086 4339 1113 4398 33
1142 4336 1233 4386 Mutth.
1251 4336 1341 4398 XVlll,
1366 4338 1407 4386 23.

425 4405 465 4459 36.
485 4408 575 4455 bluuh.
594 4409 694 4466 xxvtt,
712 4424 738 4469 4.
