3082 5138
664 455 754 505 oeus
772 456 1023 505 EVANGELICUM
1184 434 1267 524 [cnr.
1283 451 1346 494 xxr.

350 616 457 671 sciebat
474 615 617 670 Dominus
635 634 737 670 uanam
762 616 892 690 gloriam
917 634 955 670 ex
978 616 1057 670 omni
1079 618 1152 670 lirino
1166 617 1346 690 procedere,

350 704 414 757 ideo
439 703 519 757 illam
543 702 656 775 spinam
685 720 739 774 que
768 703 898 757 irascitur
921 704 948 756 in
973 715 1054 757 terra
1078 704 1151 757 botta
1176 704 1253 758 iubet
1274 721 1344 775 pre-

352 791 458 858 cidere,
498 808 533 844 ne
569 789 652 862 spina
692 808 763 843 ualle
796 789 894 865 glorie
932 790 1030 863 effocet
1056 790 1194 862 fructum
1235 789 1344 845 ieiunii.

352 877 500 950 Numquid
519 886 615 951 potest
635 875 710 950 fieri
737 886 766 929 ut
795 894 849 930 non
878 877 1023 930 semiatur
1052 878 1099 949 qui
1127 876 1259 931 ieiunat?
1292 877 1346 931 sed

351 964 454 1019 melius
487 974 517 1016 ut
550 961 684 1016 ieiunium
714 973 793 1016 titum
824 975 852 1016 te
880 963 1012 1017 ostendat
1035 980 1120 1037 quam
1151 974 1181 1016 tu
1206 963 1372 1017 ieiunium&

350 1062 441 1109 tuum,
465 1050 564 1105 Sciens
587 1059 681 1102 autem
700 1049 843 1104 Dominus
866 1050 943 1123 quod
966 1068 1020 1103 non
1041 1060 1137 1123 potest
1152 1049 1228 1124 fieri
1253 1062 1284 1104 ut
1307 1050 1345 1104 sit

351 1137 454 1192 ltilaris
482 1137 531 1211 qui
562 1135 679 1201 ieiunat,
714 1136 777 1191 ideo
806 1154 860 1190 non
891 1136 983 1190 dixit:
1017 1137 1115 1192 Nolite
1142 1155 1205 1191 esse
1233 1137 1345 1202 tristes,

350 1224 402 1280 secl
426 1223 524 1278 Nolite
538 1223 612 1298 fieri
634 1223 742 1278 tristes.
766 1223 856 1276 Aliud
879 1234 920 1277 est
948 1223 1022 1277 enim
1051 1241 1121 1293 esse,
1155 1223 1238 1278 aliud
1252 1223 1346 1299 fieri,-

350 1311 399 1385 qui
430 1310 503 1366 enim
539 1310 715 1364 naturaliter
739 1320 865 1384 propter
896 1310 1045 1364 assiduum
1079 1310 1214 1365 ieiunium
1249 1311 1345 1366 tristis

351 1408 402 1466 est,
427 1397 476 1452 ille
499 1408 540 1452 est
564 1397 667 1466 tristis,
697 1415 752 1451 non
775 1406 870 1452 autem
885 1397 926 1472 fit
949 1397 1058 1463 tristis;
1088 1398 1138 1472 qm
1165 1409 1262 1453 autem
1284 1416 1344 1472 per
1359 1418 1390 1451 ιο

349 1484 528 1560 imposturas
548 1484 662 1556 aliquas
678 1483 823 1558 pallentes
838 1495 992 1559 apparent,
1013 1483 1126 1539 illinon
1148 1496 1214 1539 sunt
1231 1484 1342 1540 tristes

351 1571 384 1625 Si
415 1590 489 1647 ergo
521 1571 570 1645 qui
600 1570 707 1625 ieitmat
740 1582 765 1625 et
798 1570 910 1625 tristem
948 1589 979 1625 sc
1004 1569 1083 1643 facit
1109 1571 1254 1650 ypocrita
1289 1583 1344 1635 est,

350 1669 457 1733 qrcanto
479 1659 576 1734 magis
597 1657 721 1730 iniquior
742 1657 848 1731 estqui
872 1675 927 1712 non
951 1657 1057 1712 ieiunat
1080 1659 1132 1713 sed
1156 1659 1344 1734 argumentis

350 1745 521 1820 quibusdam
557 1745 584 1799 in
600 1745 684 1818 facie
715 1763 767 1799 sua
796 1744 893 1821 pingit
923 1745 1051 1799 vernalem
1081 1744 1228 1819 pallorem
1258 1746 1346 1820 quasi

350 1832 449 1887 ieiunii
469 1832 611 1908 signum?
639 1829 785 1906 Displicet
813 1832 839 1886 ei
861 1842 966 1885 natura
990 1851 1054 1901 sna,
1078 1831 1142 1906 quia
1167 1851 1223 1887 non
1244 1837 1386 1906 potest15

350 1919 469 1974 trientiri
488 1921 565 1993 quod
581 1937 636 1973 non
646 1919 745 1991 saciat
765 1929 791 1973 et
809 1919 915 1973 misera
925 1919 1024 1992 socies
1040 1919 1138 1974 carnis
1154 1920 1342 1995 argumentis

351 2007 521 2081 quibusdam
550 2006 685 2061 innocens
713 2005 887 2082 castigatur,
918 2005 983 2079 quia
998 2006 1164 2078 fraudibus
1191 2023 1246 2060 non
1272 2024 1341 2061 con-

131 2103 183 2145 }‘an
199 2106 226 2145 ot·
241 2102 340 2146 conns
351 2093 446 2148 sentit.
472 2094 545 2147 Puto
563 2093 639 2167 quod
655 2093 748 2147 onmis
763 2102 894 2148 sensatus
915 2091 1061 2168 intelligit,
1086 2093 1150 2166 qnia
1175 2093 1226 2147 lter
1252 2095 1342 2148 uerba

149 2157 320 2250 w⁰ssg³„³1,s,.²},¹⁰
351 2181 536 2245 naturaliter,
569 2180 728 2234 carnaliter
753 2198 808 2234 non
834 2178 1044 2255 intelliguntur.
1071 2179 1132 2235 Nec
1153 2180 1227 2234 enim
1242 2191 1340 2255 potest

147 2261 320 2366 ”fflffiivffin
342 2267 417 2342 fieri
454 2267 503 2341 qui
536 2267 641 2321 icimtat
674 2278 704 2321 ut
737 2285 792 2322 non
824 2276 966 2341 appareat
999 2266 1092 2321 tristis
1129 2284 1180 2322 nec
1219 2268 1387 2321 mandates»

291 2345 313 2368 '¹
350 2353 505 2424 Domitms,
533 2355 611 2428 qtcod
637 2353 801 2428 adimplere
828 2372 883 2408 non
908 2371 1073 2426 possumus.
1108 2353 1140 2407 Si
1167 2354 1241 2408 enim
1276 2354 1341 2409 iclco

351 2440 426 2496 iubet
458 2459 509 2495 tros
537 2460 592 2495 non
607 2441 682 2516 fieri
709 2440 817 2511 tristes,
850 2451 879 2494 ut
908 2458 963 2494 non
983 2457 1041 2514 per
1064 2439 1156 2514 ipsam
1186 2441 1340 2495 tristiciam

349 2538 547 2604 appareanms
586 2527 748 2582 ltonnnibus
786 2527 923 2596 ieiunare,
964 2543 1055 2601 quare
1093 2528 1213 2582 ritanclat
1252 2541 1340 2602 caput

351 2633 463 2691 ungere
485 2626 511 2670 et
526 2615 638 2688 jacient
663 2615 788 2669 lauare?
817 2615 849 2667 Si
871 2614 944 2669 enim
970 2613 1033 2688 ipsa
1063 2614 1162 2669 nuccio
1186 2615 1290 2688 capitis
1314 2627 1340 2670 et

350 2702 464 2757 lauacio
484 2702 579 2776 faciei
605 2721 622 2756 a
651 2700 841 2756 ieiunantibus
872 2718 988 2775 semper
1019 2713 1183 2772 seruentur,
1218 2701 1384 2758 nichilo-25

350 2790 443 2844 minus
465 2801 531 2844 sunt
554 2789 640 2864 signa
665 2788 768 2844 ieiunii.
794 2789 853 2842 Sea
872 2788 924 2842 ltec
945 2787 1139 2862 spiritualiter
1154 2789 1194 2842 ad
1209 2789 1338 2843 animam

351 2877 532 2951 reseruntur,
556 2887 586 2931 ut
610 2894 644 2931 ne
667 2875 789 2930 tristicia
813 2874 1007 2949 spiritualiter
1028 2875 1212 2950 spiritualem
1222 2875 1337 2949 sacient

349 2963 532 3019 exterminet.
556 2963 659 3017 Facies
682 2972 777 3017 autem
801 2962 963 3036 spiritualis
985 2973 1028 3017 est
1043 2962 1137 3018 omme
1158 2963 1337 3018 consciencia

349 3051 410 3106 eius
439 3050 485 3105 vel
507 3068 569 3116 cor,
597 3049 670 3105 sicut
699 3049 822 3104 ostendit
842 3049 986 3124 propheta
1017 3049 1127 3104 licens:
1165 3049 1228 3104 Tibi
1260 3050 1337 3104 clini!

349 3155 401 3193 cor
429 3155 534 3207 ructon,
563 3135 698 3194 Domine.
729 3136 838 3190 vnltum
867 3148 945 3191 titum
975 3136 1133 3211 requiram.
1168 3136 1383 3211 E.rquisiuit30

348 3237 375 3280 te
391 3225 490 3298 sacies
514 3243 585 3280 mea.
617 3225 682 3278 Non
706 3223 780 3278 enim
797 3222 896 3295 facies
919 3241 1024 3278 carnea
1049 3224 1144 3278 Deum
1169 3223 1263 3298 qrterit
1285 3225 1338 3279 sel

348 3311 534 3368 consciencia.
560 3313 623 3367 Hec
647 3309 860 3366 Crisostomus.

724 3513 830 3576 CAP.
853 3512 960 3576 XXI.

129 3669 180 3712 Ttie
196 3669 334 3730 conscience
393 3657 592 3732 Prosequitur
630 3672 730 3714 autem
771 3657 825 3713 istc
864 3671 984 3713 sanctus
1030 3658 1214 3713 declarando
1252 3659 1335 3730 quod

143 3723 325 3828 ggiffiffilssffl‘
350 3745 540 3801 consciencia
558 3747 602 3801 sel
619 3744 712 3800 virtus
737 3744 838 3801 anime
862 3764 921 3817 qua
940 3747 1035 3799 ocum
1060 3744 1157 3800 noscit
1181 3744 1219 3799 sit
1244 3743 1335 3800 facies
1348 3749 1379 3798 35

349 3832 501 3888 interioris
531 3832 672 3901 hominis,
702 3832 742 3888 ita
771 3830 887 3888 scribit:
922 3832 1075 3902 Quoniam,
1106 3830 1213 3904 inquit,
1235 3832 1336 3903 facies

348 3920 525 3976 consciencia
546 3921 725 3995 appellatur,
750 3919 873 3975 ostendit
888 3919 988 3991 Jacob,
1011 3937 1075 3974 cum
1084 3918 1195 3992 suisset
1210 3918 1336 3973 luctatus

398 4207 417 4250 3.
440 4210 474 4252 A:
500 4220 559 4250 uane
582 4207 662 4262 glorie
685 4207 761 4257 dorsu
789 4206 821 4248 ib.
848 4207 884 4248 A:
913 4203 993 4262 efficit.
1090 4220 1113 4257 4.
1141 4207 1175 4249 A:
1202 4212 1333 4250 censeatur.

346 4275 381 4313 24.
399 4260 430 4304 25.
447 4261 475 4303 B:
492 4265 515 4303 et
528 4260 598 4303 locio.
652 4270 687 4313 29.
703 4261 725 4301 A
739 4258 761 4301 in
779 4271 863 4312 niarga
879 4257 941 4301 Nota
956 4255 1062 4312 desacie
1074 4258 1203 4312 spirituali.

400 4403 441 4453 en.
461 4389 501 4436 Ps.
521 4386 610 4446 xxvi,
629 4385 654 4433 8.
727 4383 767 4435 36.
787 4385 838 4448 Op.
858 4384 931 4448 lmp,
952 4384 968 4432 l.
986 4398 1008 4432 c.
1027 4399 1053 4448 p.
1071 4381 1131 4447 814.
