3082 5138
38 492 192 559 βξ(

94 668 179 715 ’,δ’
190 682 200 701 ι
220 676 269 721 tuot
285 674 334 705 w·

1239 478 1366 563 [cau

402 652 427 703 ἰ’
435 664 522 705 teror
554 666 633 704 cmm
664 662 812 703 motum
829 652 904 707 vete
931 654 1031 711 licere
1045 658 1132 729 quod
1148 655 1270 713 viantes
1293 676 1363 715 cunt

361 752 670 810 .·.=.,·1.·.·.·.·r.q:rr.r2nc:e
695 738 875 793 muetfaee
894 758 960 795 :im
978 743 1110 799 aritate
1126 744 1365 818 quodammodo

361 826 489 897 fferre
513 842 572 881 rao
599 840 667 879 uror
698 839 731 877 n
756 838 820 878 ‘oto
849 826 1018 895 lemma,
1048 848 1121 886 cum
1146 829 1245 887 velint
1268 833 1364 890 multa

359 924 585 987 ‘praetexato
610 912 873 968 nortmannum:
896 930 953 986 rue
976 917 1059 971 Deus
1083 916 1151 972 vult
1179 917 1365 992 simpliciter

359 1018 418 1057 rm.
457 1017 581 1073 morere
629 1016 656 1054 rr
700 1013 815 1053 notro-r
853 1014 984 1057 sternte·
1022 1002 1248 1076 cognoscimus
1286 1013 1387 1081 quoni

360 1104 538 1160 ›mrem-n,
564 1090 580 1141 ri
612 1102 718 1143 nmo
741 1086 794 1139 Der
811 1086 923 1143 iulii-:o
947 1090 1166 1149 rotabuntur:
1182 1104 1215 1148 et
1229 1091 1364 1151 videndo

359 1174 440 1249 rpem
477 1192 578 1249 repom
617 1178 646 1229 {n
686 1174 821 1229 aonios
860 1177 1059 1232 ztodolernns
1095 1178 1240 1235 volentes
1279 1179 1362 1254 ipsos

360 1262 479 1317 imno
508 1276 544 1317 er.
575 1279 647 1335 pur
678 1262 870 1318 :rzmininuu
902 1262 1166 1321 condicionaliter
1198 1279 1308 1324 tamen
1336 1268 1362 1325 si

361 1350 425 1405 beo
448 1352 574 1423 placeat,
598 1354 679 1423 qnod
710 1366 731 1403 ιι
758 1364 892 1403 mnemon
915 1350 1004 1421 plene
1027 1364 1060 1407 et
1082 1352 1224 1425 perfecte
1247 1353 1363 1412 noticie

362 1436 438 1491 lmen
464 1454 493 1491 m
511 1452 609 1510 patria
632 1438 716 1493 iss'nm
746 1435 986 1490 modicionalem
1007 1437 1209 1495 rolucionem
1227 1439 1260 1496 in
1275 1442 1402 1503 voto-10

361 1526 476 1579 cunero
508 1525 559 1579 bei
588 1524 766 1597 rimplicirer
793 1536 992 1579 verteremus:
1024 1537 1056 1579 et
1088 1524 1134 1582 sic
1164 1526 1251 1583 illam
1277 1530 1361 1586 votu-

361 1610 478 1667 cionero
502 1612 744 1667 condicionalem
770 1609 880 1681 purtim
908 1626 943 1664 ex
970 1609 1155 1683 ignorantia
1184 1628 1216 1669 et
1245 1616 1359 1690 partim

362 1714 394 1751 er
419 1698 544 1753 caritate
567 1700 710 1770 quoniam
739 1698 835 1750 [teum
860 1694 1016 1767 dilip'mus
1039 1699 1121 1754 bene
1144 1698 1302 1759 elicimus.

405 1784 475 1839 ldeo
501 1785 605 1839 dieunt
631 1786 756 1858 quidam
786 1784 869 1855 quod
901 1782 954 1838 illa
981 1785 1207 1844 conditionata
1236 1789 1359 1847 rolucio

362 1888 421 1945 que
441 1872 549 1945 partim
573 1872 709 1945 procedit
733 1887 767 1926 ex
791 1868 966 1940 ignorancia
985 1888 1049 1926 non
1065 1886 1171 1945 potest
1185 1893 1254 1932 esse
1270 1877 1359 1951 plene
1370 1892 1396 1943 13

362 1970 391 2013 et
425 1959 558 2014 totaliter
585 1958 750 2014 deiformis.
784 1956 861 2010 Cum
890 1970 993 2012 autern
1018 1958 1111 2031 plene
1134 1979 1303 2019 noscemus
1326 1963 1357 2020 in

363 2044 460 2119 patria
478 2045 529 2099 bei
551 2046 737 2101 voluntatem
761 2056 897 2099 eternam
914 2044 953 2098 de
967 2062 1158 2121 quocunque
1177 2048 1229 2106 hic
1245 2049 1357 2121 viante,

363 2132 497 2189 volemus
520 2131 698 2204 simpliciter
721 2131 887 2187 secundum
904 2130 1093 2189 voluntatem
1113 2147 1256 2193 eternam
1274 2141 1356 2212 quod

362 2220 431 2275 tulis
455 2220 547 2275 bomo
571 2233 717 2293 perpetuo
740 2217 779 2274 sit
801 2219 1015 2290 dampnandus
1037 2233 1068 2275 et
1096 2221 1137 2277 de
1166 2240 1224 2280 sua
1248 2225 1357 2300 damp

364 2306 492 2363 nacione
515 2304 628 2362 erimus
651 2320 800 2380 perpetuo
823 2304 985 2360 consolati.
1366 2343 1396 2379 ,0

406 2395 442 2450 Et
460 2406 542 2468 patet
558 2392 588 2449 in
605 2407 691 2467 parte
707 2393 864 2468 quomodo
879 2392 977 2447 luctus
987 2391 1099 2450 viantis
1115 2395 1356 2456 conditionatus

363 2498 395 2537 er
413 2480 589 2553 ignorantia
605 2481 634 2536 in
652 2479 897 2537 consolacionem
915 2492 1095 2552 perpetuam
1113 2494 1159 2538 est
1176 2501 1355 2544 conversus.

363 2569 398 2625 ilt
422 2568 466 2625 sic
489 2586 522 2623 ex
540 2581 624 2641 parte
640 2567 805 2625 salvatoris
828 2565 886 2621 erit
902 2565 1036 2639 perfecta
1052 2567 1166 2625 ceritas
1188 2573 1229 2627 ad
1246 2574 1355 2648 damp-

362 2668 461 2727 natos,
485 2672 554 2712 curn
579 2654 635 2728 ipsi
660 2672 694 2711 ex
709 2656 796 2728 plena
813 2652 927 2709 noticia
943 2652 1094 2710 conformi
1111 2655 1217 2715 divine
1233 2658 1355 2718 iusticie

361 2744 443 2818 quod
467 2740 589 2817 presciti
612 2741 655 2798 sic
677 2756 825 2817 perpetuo
847 2740 907 2796 sint
930 2740 1100 2814 dampnati.
1125 2745 1163 2800 Et
1189 2747 1250 2803 hoc
1274 2748 1354 2805 cedit
1365 2767 1393 2817 25

362 2829 420 2888 illis
445 2831 483 2887 ud
508 2830 620 2885 bonum
645 2828 763 2886 iusticie
779 2842 808 2885 et
823 2827 866 2884 sic
879 2825 1042 2901 utrobique
1059 2830 1222 2888 beatotum
1240 2835 1354 2893 caritas

362 2931 405 2975 ert
429 2917 591 2991 completo.
625 2919 662 2972 Et
690 2916 733 2973 sic
761 2934 829 2972 cum
853 2932 947 2970 unum
972 2914 1187 2975 condicionale
1216 2934 1246 2977 et
1271 2921 1354 2979 aliud

362 3004 541 3080 simpliciter
565 3022 626 3059 non
650 3016 720 3059 sunt
742 3005 831 3077 plene
858 3000 1023 3071 contraria,
1056 3017 1143 3076 putet
1171 3008 1258 3082 quod
1287 3028 1354 3084 pre·

362 3091 504 3151 destinati
529 3089 637 3148 viantis
660 3091 779 3147 volucio
808 3104 837 3147 et
866 3087 945 3145 beati
974 3107 1036 3144 nou
1065 3104 1135 3148 sunt
1159 3093 1252 3167 plene
1281 3115 1353 3153 con·

362 3180 454 3239 trurie
478 3180 529 3237 sed
559 3191 778 3253 consequenter
806 3177 837 3234 in
863 3176 970 3251 pulcro
997 3176 1106 3234 ordine
1134 3197 1167 3236 se
1195 3182 1352 3243 habentes.
1364 3204 1393 3255 30

363 3271 397 3325 iit
423 3267 465 3325 sic
489 3267 595 3325 eadem
619 3264 729 3323 caritas
746 3284 806 3340 qua
824 3263 1020 3339 predestinati
1037 3265 1143 3323 volunt
1167 3280 1201 3323 ut
1224 3268 1275 3325 isti
1300 3270 1352 3346 qui

361 3370 429 3413 sunt
455 3355 527 3430 ipsis
552 3352 759 3427 ignorantibus
788 3350 908 3428 presciti
937 3350 1113 3409 eternaliter
1140 3355 1351 3428 salvabuntur,

361 3445 467 3501 endem
508 3440 630 3517 quidem
671 3439 781 3497 caritas
819 3452 863 3497 est
902 3456 961 3513 qua
1000 3438 1197 3512 adquirentes
1236 3444 1351 3501 claram

360 3531 505 3589 noticiam
531 3530 636 3585 volunt
653 3530 734 3602 quod
759 3526 933 3585 eternaliter
956 3526 1219 3599 dampnabuntur.
1248 3530 1286 3587 Et
1309 3531 1352 3587 sic

361 3622 466 3679 eudem
502 3615 635 3674 manebit
668 3615 787 3687 caritas,
820 3613 891 3671 licet
922 3611 959 3668 sit
992 3615 1162 3671 secundum
1192 3615 1350 3675 veritatem
1363 3637 1391 3691 35

361 3706 473 3766 noticie
498 3707 641 3776 alterata3
665 3718 694 3760 et
718 3703 760 3760 sic
784 3702 846 3761 vult
871 3699 1075 3757 crisostomus
1101 3704 1185 3775 quod
1208 3721 1272 3761 non
1295 3705 1352 3762 erit

361 3795 472 3854 caritas
505 3793 536 3849 in
569 3790 678 3868 patria,
703 3789 760 3871 {ut
794 3787 916 3865 presciti
949 3786 1176 3867 beatificentur,
1208 3792 1261 3847 sed
1295 3792 1351 3850 erit
1379 3807 1433 3865 356⁴

361 3884 472 3942 caritas
496 3879 629 3956 perlecta
655 3879 684 3935 in
709 3878 817 3953 patria,
852 3890 884 3934 ut
913 3874 1078 3932 secuudum
1109 3875 1164 3933 Dei
1197 3875 1350 3936 iusticiam

361 3974 397 4030 ud
423 3966 556 4028 universi
580 3966 817 4041 pulcritudinem
842 3976 991 4039 perpetuo
1013 3963 1288 4037 condempnentur.

405 4063 440 4116 Et
465 4069 549 4133 patet
570 4053 775 4111 consideranti
797 4065 908 4110 attente
930 4049 1017 4107 istum
1035 4048 1148 4107 Christi
1163 4051 1393 4138 sentenciam40

361 4143 590 4205 convertibilem
616 4159 685 4198 curn
711 4140 806 4199 beatis
831 4157 923 4215 quam
950 4135 1037 4193 multi
1052 4134 1168 4194 viantes
1192 4139 1230 4196 de
1245 4153 1351 4214 paten-

413 4342 738 4394 commmentatores.
793 4339 1009 4385 3.A:cumrelut.
1064 4336 1350 4386 18.Bttemdanl>ei.

362 4414 396 4449 tt.
412 4406 443 4446 ita
458 4402 526 4445 eod:
546 4398 592 4439 ibe
605 4399 660 4457 pert
671 4398 690 4438 is
702 4397 809 4450 wanting
819 4400 843 4439 to
853 4393 965 4449 complete
973 4392 1012 4434 tlte
1021 4395 1133 4433 sentence.
1183 4390 1215 4433 ὑ.
1231 4391 1262 4434 B:
1276 4395 1348 4436 cedet.

363 4456 389 4497 it.
406 4460 428 4500 A
443 4468 467 4499 tu
483 4464 573 4505 murga
589 4448 657 4491 bota.
