3082 5138
742 458 831 520 orus
850 468 1104 518 evanuericun
1267 446 1346 536 [car.
1361 462 1411 507 xu.

427 631 523 688 eciam
560 631 773 705 spoliandum,
807 629 878 704 quia
912 629 1039 686 lllatthei
1063 631 1098 699 V,
1126 630 1139 684 5
1167 627 1238 685 dicit
1261 627 1411 686 Christus:

427 720 512 775 liena
534 721 582 794 qui
605 720 715 797 lugent,
739 733 768 774 et
799 719 888 774 infra:
921 717 1005 773 Beati
1027 717 1075 792 qui
1102 716 1231 773 esuriunt
1259 727 1285 773 e!
1312 717 1414 772 sicient

427 807 579 877 iusticiam,
604 820 632 862 et
656 806 747 863 inira:
777 806 861 861 Beati
889 804 1102 874 misericordes,
1126 803 1243 860 videtur
1266 804 1308 860 eis
1333 806 1413 880 quod

429 894 504 950 foret
528 913 604 968 opus
629 891 836 950 misericordie
859 893 1016 949 veritatem
1048 891 1118 948 fidei
1143 893 1281 966 detegere
1304 891 1335 948 in
1359 894 1415 948 hac

153 1004 166 1025 ·
218 996 525 1056 1·prpumplsarte.
551 985 631 1055 l’apa
665 995 765 1038 autem
800 1000 861 1037 non
894 982 983 1037 habet
1016 993 1196 1053 potestatem
1221 980 1295 1036 tales
1319 979 1440 1035 indul-5

211 1060 550 1168 nglffiffnfflfflisnggencias
575 1090 631 1143 pro
648 1082 708 1126 tarn
719 1068 777 1124 rili
796 1068 898 1142 precio
916 1067 1114 1138 concedendi,
1140 1066 1207 1123 ideo
1224 1086 1292 1124 cum
1317 1067 1415 1123 littere

251 1166 338 1211 rainer
355 1167 384 1221 us·
429 1158 474 1213 vel
493 1157 572 1213 bulle
590 1157 719 1213 adducte
735 1176 797 1213 non
821 1168 890 1213 sunt
914 1155 988 1212 fides
1013 1153 1174 1226 catholica,
1198 1154 1229 1211 in
1253 1155 1308 1211 hac
1331 1168 1416 1229 parte

247 1221 384 1273 ¹''¹‘“¹⁰¹¹⁰‘⁵'
431 1257 530 1301 moret
555 1244 620 1300 illos
645 1246 777 1318 prelatos
809 1244 940 1300 discolos
976 1244 1051 1299 tales
1076 1241 1189 1299 reicere
1213 1255 1242 1299 et
1265 1261 1325 1298 non
1350 1260 1417 1316 per·

430 1331 549 1388 mittere
573 1351 625 1388 eos
649 1350 796 1406 pauperes
820 1350 872 1387 sue
889 1330 1033 1406 parochie
1057 1329 1199 1404 spoliare.

218 1447 269 1490 m.
284 1458 344 1501 909„-
359 1446 412 1489 sens
473 1419 629 1490 Similiter,
657 1439 703 1476 res
728 1419 896 1494 corporalis
920 1433 1193 1492 quantumcunque
1217 1415 1300 1492 parvi
1324 1415 1417 1490 precii
1432 1432 1461 1465 ιο

212 1500 491 1595 Μὶῐᾞὲὶξὶξξιωωῑῃοη
516 1508 604 1564 debet
629 1507 687 1563 emi
720 1506 777 1563 nisi
810 1526 878 1562 cum
912 1506 968 1563 ista
1003 1504 1169 1580 prudencia
1193 1506 1275 1579 quod
1299 1517 1419 1577 emptor

430 1597 466 1650 de
483 1594 604 1651 vendito
621 1593 818 1669 probabiliter
839 1594 877 1650 sit
894 1612 1029 1664 securus,
1053 1595 1105 1649 sed
1131 1611 1208 1666 papa
1233 1611 1295 1648 non
1318 1604 1418 1665 potest

428 1701 602 1743 assecurare
631 1681 763 1757 aliquem
788 1684 868 1756 quod
891 1695 959 1756 post
982 1695 1111 1737 mortem
1137 1682 1184 1737 vel
1208 1693 1277 1737 ante
1301 1690 1418 1736 tantam

430 1768 652 1842 indulgenciam
672 1769 804 1839 habebit,
826 1769 893 1825 ideo
913 1767 1110 1845 probabiliter
1128 1782 1171 1824 est
1193 1768 1252 1824 tale
1269 1784 1419 1824 commer-

430 1856 521 1912 cium·
544 1856 769 1914 dimittendum.
804 1860 885 1930 Papa
919 1856 999 1912 enim
1038 1855 1133 1912 nescit
1166 1857 1202 1911 de
1234 1854 1337 1929 aliquo
1365 1853 1462 1910 necti

430 1943 525 2000 eciam
560 1946 596 2000 de
628 1963 659 2000 se
681 1945 757 2018 'ipso
791 1944 814 2000 si
848 1944 886 1999 sit
919 1942 1146 2017 predestinatus
1170 1962 1187 1999 a
1212 1941 1343 1998 Domino
1375 1942 1422 1997 vel

430 2031 592 2105 prescitus3
604 2035 685 2105 quod
697 2032 720 2088 si
733 2031 879 2105 prescitus
897 2031 995 2099 fuerit,
1012 2050 1074 2086 non
1091 2044 1216 2087 currunt
1233 2030 1307 2087 tales
1323 2029 1421 2086 indul-

431 2117 534 2193 gencie
552 2132 656 2174 contra
672 2119 900 2175 ordinacionem
921 2118 1042 2175 Domini
1058 2117 1232 2192 oppositum
1251 2115 1423 2173 eternaliter

432 2205 613 2262 ordinantis
639 2208 708 2262 ldeo
733 2226 800 2263 cum
827 2225 906 2280 papa
940 2225 1000 2262 non
1025 2219 1124 2280 potest
1149 2204 1328 2279 generaliter
1352 2222 1423 2278 pro·

434 2312 540 2350 curare
572 2295 646 2350 tales
678 2294 885 2367 indulgencias
910 2293 966 2350 sibi
1000 2293 1067 2367 ipsi,
1103 2307 1146 2349 est
1172 2291 1273 2348 multis
1298 2291 1465 2349 evidens20

434 2382 515 2455 quod
554 2381 626 2437 talia
665 2381 848 2437 commercia
888 2383 924 2437 de
964 2380 1139 2454 symoniaca
1173 2379 1315 2453 cupidine
1352 2392 1422 2435 sunt

221 2491 255 2534 tle
269 2501 352 2535 eitiunt
367 2483 583 2543 mensuspecta.
609 2472 676 2524 Non
699 2469 778 2524 euim
804 2472 904 2524 obstat
928 2467 997 2525 fidei
1020 2469 1065 2524 vel
1083 2466 1280 2541 probabiliter
1303 2464 1421 2523 veritati

239 2544 402 2640 fffflfJ-'l'ffi‘l''
435 2558 516 2629 quod
551 2556 637 2612 multi
668 2575 746 2630 pape
779 2556 831 2630 qui
864 2569 1077 2612 concesserunt
1112 2554 1272 2611 verbaliter
1304 2554 1422 2626 amplas

388 2632 392 2639 ¹
433 2642 641 2716 indulgencias
673 2634 742 2700 sunt
775 2643 942 2717 dampnati.
986 2644 1148 2712 Quomodo
1186 2660 1257 2716 ergo
1296 2653 1421 2716 possunt

433 2731 593 2786 defendere
617 2749 685 2786 suas
709 2730 916 2804 indulgencias
941 2749 1044 2787 coram
1069 2730 1151 2786 Deo?
1433 2727 1463 2776 25

477 2817 633 2877 Similiter.
657 2823 814 2874 assistente
838 2819 915 2874 duce
943 2819 989 2873 vel
1018 2816 1130 2873 comite
1159 2815 1220 2889 regi
1250 2829 1370 2872 terreno
1394 2829 1422 2872 et

435 2924 502 2978 rege
527 2904 696 2961 libertatem
731 2906 775 2961 rel
809 2905 890 2960 aliud
927 2903 1116 2978 privilegium
1152 2905 1336 2960 concedente
1360 2921 1421 2959 non

435 3011 468 3047 es
501 2993 558 3048 hoc
591 2991 720 3049 infertur
754 2993 834 3067 quod
869 2993 927 3048 dux
963 2994 1008 3048 vel
1042 3010 1143 3048 comes
1176 2991 1345 3047 libertatern
1375 2991 1422 3046 vel

435 3078 624 3152 privilegium
650 3079 724 3135 illud
758 3080 940 3135 concesserit
973 3081 1025 3134 sed
1051 3078 1155 3152 pocius
1178 3080 1259 3152 quod
1284 3091 1329 3133 est
1353 3096 1422 3150 pro·

435 3165 500 3239 pria
525 3166 605 3240 regie
630 3166 779 3241 dignitati.
805 3168 880 3222 Cum
899 3186 971 3240 ergo
989 3165 1127 3222 Christus
1151 3165 1188 3222 sit
1213 3183 1261 3221 rex
1285 3163 1423 3220 infinitus
1435 3165 1466 3215 30

355 3240 364 3251 ⁸
434 3272 616 3328 quocunque
638 3274 716 3328 papa
737 3255 876 3328 superior
893 3273 984 3328 quam
1003 3272 1052 3309 rex
1069 3266 1206 3309 terrenus
1223 3264 1267 3308 est
1283 3251 1423 3326 superior

435 3341 545 3396 cunrite
569 3341 630 3396 sire
647 3343 732 3403 duce,
750 3342 867 3397 ridetur
891 3342 986 3398 multo
1004 3340 1176 3396 evidencius
1200 3341 1281 3414 quod
1306 3353 1423 3413 spectat

435 3430 473 3484 sd
498 3427 552 3483 uei
577 3428 836 3500 magnificenciam
871 3430 1036 3486 concedere
1065 3427 1258 3501 singulariter
1281 3426 1339 3482 ista
1364 3425 1425 3500 pri-

245 3518 395 3612 ”ff'ssuiff
435 3515 543 3586 ritegia
576 3516 620 3571 rel
654 3516 749 3572 eciam
784 3517 946 3575 libertates.
979 3521 1047 3573 Non
1081 3516 1161 3572 enini
1193 3515 1217 3571 si
1253 3533 1345 3589 preco
1378 3515 1424 3571 vel

271 3584 380 3666 'libai'
436 3603 570 3657 bedellus
593 3603 775 3675 pronunciat
808 3605 1032 3660 concessionem
1064 3604 1189 3660 liberam
1224 3603 1270 3659 sui
1295 3601 1464 3679 domini,35

437 3689 572 3761 §enititur
591 3708 622 3744 ex
641 3693 696 3745 hoc
713 3692 796 3764 quod
813 3690 862 3746 ille
884 3710 985 3747 sersus
1002 3691 1044 3746 sic
1061 3691 1267 3765 pronuncians
1284 3690 1424 3746 concedit

439 3775 612 3832 huiusmodi
642 3777 824 3835 libertatem.
858 3780 953 3835 blulto
988 3778 1083 3851 magis
1116 3797 1189 3851 ergo
1213 3777 1237 3833 si
1263 3778 1328 3833 sine
1351 3795 1424 3834 auc-

439 3861 562 3918 toritate
602 3865 648 3919 sel
681 3864 806 3921 licencia
845 3865 1081 3939 promulgaverit
1115 3863 1267 3922 contrarie
1299 3862 1423 3921 Domini

437 3950 594 4006 voluntati.
620 3954 654 4006 Et
680 3952 708 4007 in
739 3953 795 4008 isto
820 3972 891 4009 casu
919 3967 987 4009 sunt
1016 3951 1220 4009 communiter
1243 3951 1329 4010 venie
1352 3970 1424 4009 con·

437 4055 579 4093 cessores.
1431 4055 1467 4103 4⁰

490 4240 666 4289 7..l:.r.i.lirte.
723 4244 939 4297 inhumanata
1003 4242 1256 4297 r.t..s:4m›a1rorrsr.
1312 4244 1339 4286 au
1364 4244 1384 4285 A
1400 4244 1422 4285 in

438 4303 523 4345 utare:
539 4306 556 4341 ⁴
619 4304 653 4345 231.
671 4295 687 4335 l}
702 4295 760 4336 ritus
774 4297 872 4337 <onesii
888 4296 923 4338 iti:
939 4297 1012 4338 aliud.

492 4419 514 4467 3.
534 4418 622 4466 llatt's.
642 4420 673 4468 Υ,
692 4436 707 4445 ·
