<?xml version="1.0" encoding="UTF-8"?>
<!DOCTYPE html PUBLIC "-//W3C//DTD XHTML 1.0 Transitional//EN"
    "http://www.w3.org/TR/xhtml1/DTD/xhtml1-transitional.dtd">
<html xmlns="http://www.w3.org/1999/xhtml" xml:lang="en" lang="en">
 <head>
  <title>
</title>
<meta http-equiv="Content-Type" content="text/html;charset=utf-8" />
  <meta name='ocr-system' content='tesseract 3.04.00' />
  <meta name='ocr-capabilities' content='ocr_page ocr_carea ocr_par ocr_line ocrx_word'/>
</head>
<body>
  <div class='ocr_page' id='page_1' title='image "./iohanniswyclifo00wyclgoog_0457.png"; bbox 0 0 3082 5138; ppageno 0'>
   <div class='ocr_carea' id='block_1_1' title="bbox 740 471 1414 559">
    <p class='ocr_par' dir='ltr' id='par_1_1' title="bbox 740 471 1414 559">
     <span class='ocr_line' id='line_1_1' title="bbox 740 471 1414 559; baseline -0.013 -18"><span class='ocrx_word' id='word_1_1' title='bbox 740 497 830 546; x_wconf 69' lang='lat' dir='ltr'><strong>ortu</strong></span> <span class='ocrx_word' id='word_1_2' title='bbox 848 495 1102 545; x_wconf 71' lang='lat' dir='ltr'><strong>uusnossttcun</strong></span> <span class='ocrx_word' id='word_1_3' title='bbox 1242 471 1326 559; x_wconf 67' lang='lat' dir='ltr'><strong>[css.</strong></span> <span class='ocrx_word' id='word_1_4' title='bbox 1343 489 1414 532; x_wconf 74' lang='lat' dir='ltr'><strong>mn.</strong></span> 
     </span>
    </p>
   </div>
   <div class='ocr_carea' id='block_1_2' title="bbox 424 652 1439 1242">
    <p class='ocr_par' dir='ltr' id='par_1_2' title="bbox 424 652 1439 1242">
     <span class='ocr_line' id='line_1_2' title="bbox 469 652 1413 731; baseline -0.007 -15"><span class='ocrx_word' id='word_1_5' title='bbox 469 663 551 718; x_wconf 85' lang='lat' dir='ltr'><strong>Patet</strong></span> <span class='ocrx_word' id='word_1_6' title='bbox 590 658 683 715; x_wconf 89' lang='lat' dir='ltr'><strong>tercio</strong></span> <span class='ocrx_word' id='word_1_7' title='bbox 721 658 876 731; x_wconf 90' lang='lat' dir='ltr'><strong>quomodo</strong></span> <span class='ocrx_word' id='word_1_8' title='bbox 908 654 1095 728; x_wconf 69' lang='lat' dir='ltr'><strong>Augustinus</strong></span> <span class='ocrx_word' id='word_1_9' title='bbox 1133 652 1225 710; x_wconf 89' lang='lat' dir='ltr'><strong>sentit</strong></span> <span class='ocrx_word' id='word_1_10' title='bbox 1256 655 1342 729; x_wconf 89' lang='lat' dir='ltr'><strong>quod</strong></span> <span class='ocrx_word' id='word_1_11' title='bbox 1376 654 1413 710; x_wconf 84' lang='lat' dir='ltr'><strong>ad</strong></span> 
     </span>
     <span class='ocr_line' id='line_1_3' title="bbox 425 740 1413 804; baseline -0.006 0"><span class='ocrx_word' id='word_1_12' title='bbox 425 747 619 804; x_wconf 87' lang='lat' dir='ltr'><strong>senciendum</strong></span> <span class='ocrx_word' id='word_1_13' title='bbox 658 745 773 802; x_wconf 89' lang='lat' dir='ltr'><strong>sincere</strong></span> <span class='ocrx_word' id='word_1_14' title='bbox 811 743 965 800; x_wconf 87' lang='lat' dir='ltr'><strong>veritatem</strong></span> <span class='ocrx_word' id='word_1_15' title='bbox 1008 741 1077 798; x_wconf 85' lang='lat' dir='ltr'><strong>fidei</strong></span> <span class='ocrx_word' id='word_1_16' title='bbox 1116 741 1147 797; x_wconf 90' lang='lat' dir='ltr'><strong>in</strong></span> <span class='ocrx_word' id='word_1_17' title='bbox 1189 741 1245 798; x_wconf 89' lang='lat' dir='ltr'><strong>ista</strong></span> <span class='ocrx_word' id='word_1_18' title='bbox 1286 740 1413 798; x_wconf 84' lang='lat' dir='ltr'><strong>materia</strong></span> 
     </span>
     <span class='ocr_line' id='line_1_4' title="bbox 424 829 1415 910; baseline -0.008 -18"><span class='ocrx_word' id='word_1_19' title='bbox 424 848 543 910; x_wconf 84' lang='lat' dir='ltr'>oportet</span> <span class='ocrx_word' id='word_1_20' title='bbox 567 834 659 890; x_wconf 83' lang='lat' dir='ltr'><strong>ritare</strong></span> <span class='ocrx_word' id='word_1_21' title='bbox 682 851 787 888; x_wconf 90' lang='lat' dir='ltr'><strong>omues</strong></span> <span class='ocrx_word' id='word_1_22' title='bbox 811 829 1028 887; x_wconf 82' lang='lat' dir='ltr'><strong>altercaciones</strong></span> <span class='ocrx_word' id='word_1_23' title='bbox 1045 829 1226 903; x_wconf 86' lang='lat' dir='ltr'><strong>sophisticas</strong></span> <span class='ocrx_word' id='word_1_24' title='bbox 1250 841 1279 884; x_wconf 96' lang='lat' dir='ltr'><strong>et</strong></span> <span class='ocrx_word' id='word_1_25' title='bbox 1307 847 1415 884; x_wconf 90' lang='lat' dir='ltr'><strong>omnes</strong></span> 
     </span>
     <span class='ocr_line' id='line_1_5' title="bbox 426 915 1413 992; baseline -0.007 -13"><span class='ocrx_word' id='word_1_26' title='bbox 426 922 639 979; x_wconf 89' lang='lat' dir='ltr'><strong>contenciones</strong></span> <span class='ocrx_word' id='word_1_27' title='bbox 657 921 835 983; x_wconf 81' lang='lat' dir='ltr'><strong>mundanas,</strong></span> <span class='ocrx_word' id='word_1_28' title='bbox 860 917 931 992; x_wconf 87' lang='lat' dir='ltr'><strong>quia</strong></span> <span class='ocrx_word' id='word_1_29' title='bbox 955 917 1089 991; x_wconf 83' lang='lat' dir='ltr'><strong>pacificis</strong></span> <span class='ocrx_word' id='word_1_30' title='bbox 1107 915 1245 974; x_wconf 89' lang='lat' dir='ltr'><strong>concedit</strong></span> <span class='ocrx_word' id='word_1_31' title='bbox 1263 919 1344 971; x_wconf 86' lang='lat' dir='ltr'><strong>Deus</strong></span> <span class='ocrx_word' id='word_1_32' title='bbox 1360 935 1413 972; x_wconf 93' lang='lat' dir='ltr'><strong>no·</strong></span> 
     </span>
     <span class='ocr_line' id='line_1_6' title="bbox 426 1002 1439 1083; baseline -0.003 -18"><span class='ocrx_word' id='word_1_33' title='bbox 426 1010 526 1066; x_wconf 89' lang='lat' dir='ltr'><strong>ticiam</strong></span> <span class='ocrx_word' id='word_1_34' title='bbox 545 1008 719 1083; x_wconf 79' lang='lat' dir='ltr'><strong>prophetice</strong></span> <span class='ocrx_word' id='word_1_35' title='bbox 736 1005 877 1066; x_wconf 76' lang='lat' dir='ltr'><strong>veritatis.</strong></span> <span class='ocrx_word' id='word_1_36' title='bbox 909 1008 945 1061; x_wconf 86' lang='lat' dir='ltr'><strong>Et</strong></span> <span class='ocrx_word' id='word_1_37' title='bbox 970 1007 1026 1061; x_wconf 85' lang='lat' dir='ltr'><strong>lroc</strong></span> <span class='ocrx_word' id='word_1_38' title='bbox 1051 1020 1149 1060; x_wconf 79' lang='lat' dir='ltr'><strong>moret</strong></span> <span class='ocrx_word' id='word_1_39' title='bbox 1174 1005 1322 1079; x_wconf 91' lang='lat' dir='ltr'><strong>quosdam</strong></span> <span class='ocrx_word' id='word_1_40' title='bbox 1348 1002 1439 1062; x_wconf 72' lang='lat' dir='ltr'><strong>litesi</strong></span> 
     </span>
     <span class='ocr_line' id='line_1_7' title="bbox 427 1090 1414 1154; baseline -0.006 -2"><span class='ocrx_word' id='word_1_41' title='bbox 427 1098 498 1154; x_wconf 86' lang='lat' dir='ltr'><strong>istas</strong></span> <span class='ocrx_word' id='word_1_42' title='bbox 522 1096 674 1152; x_wconf 85' lang='lat' dir='ltr'><strong>dimittere</strong></span> <span class='ocrx_word' id='word_1_43' title='bbox 698 1108 726 1151; x_wconf 87' lang='lat' dir='ltr'><strong>et</strong></span> <span class='ocrx_word' id='word_1_44' title='bbox 751 1093 868 1150; x_wconf 77' lang='lat' dir='ltr'><strong>veritati</strong></span> <span class='ocrx_word' id='word_1_45' title='bbox 893 1092 951 1149; x_wconf 86' lang='lat' dir='ltr'><strong>vite</strong></span> <span class='ocrx_word' id='word_1_46' title='bbox 985 1091 1147 1149; x_wconf 81' lang='lat' dir='ltr'><strong>christiane</strong></span> <span class='ocrx_word' id='word_1_47' title='bbox 1186 1093 1325 1149; x_wconf 87' lang='lat' dir='ltr'><strong>sollerter</strong></span> <span class='ocrx_word' id='word_1_48' title='bbox 1371 1090 1414 1147; x_wconf 89' lang='lat' dir='ltr'><strong>in-</strong></span> 
     </span>
     <span class='ocr_line' id='line_1_8' title="bbox 428 1186 562 1242; baseline 0.007 -1"><span class='ocrx_word' id='word_1_49' title='bbox 428 1186 562 1242; x_wconf 88' lang='lat' dir='ltr'><strong>tendere.</strong></span> 
     </span>
    </p>
   </div>
   <div class='ocr_carea' id='block_1_3' title="bbox 800 1315 1039 1382">
    <p class='ocr_par' dir='ltr' id='par_1_3' title="bbox 800 1315 1039 1382">
     <span class='ocr_line' id='line_1_9' title="bbox 800 1315 1039 1382; baseline -0.004 -2"><span class='ocrx_word' id='word_1_50' title='bbox 800 1316 905 1382; x_wconf 84' lang='lat' dir='ltr'><strong>CAP.</strong></span> <span class='ocrx_word' id='word_1_51' title='bbox 929 1315 1039 1379; x_wconf 89' lang='lat' dir='ltr'>LVII.</span> 
     </span>
    </p>
   </div>
   <div class='ocr_carea' id='block_1_4' title="bbox 212 1460 1463 4069">
    <p class='ocr_par' dir='ltr' id='par_1_4' title="bbox 212 1460 1457 1802">
     <span class='ocr_line' id='line_1_10' title="bbox 326 1460 1416 1559; baseline -0.004 -39"><span class='ocrx_word' id='word_1_52' title='bbox 326 1518 339 1559; x_wconf 69' lang='lat' dir='ltr'>h</span> <span class='ocrx_word' id='word_1_53' title='bbox 472 1464 676 1522; x_wconf 88' lang='lat' dir='ltr'><strong>Crisostomus</strong></span> <span class='ocrx_word' id='word_1_54' title='bbox 701 1477 801 1519; x_wconf 89' lang='lat' dir='ltr'><strong>autem</strong></span> <span class='ocrx_word' id='word_1_55' title='bbox 827 1480 916 1535; x_wconf 91' lang='lat' dir='ltr'><strong>super</strong></span> <span class='ocrx_word' id='word_1_56' title='bbox 940 1460 998 1516; x_wconf 90' lang='lat' dir='ltr'><strong>isto</strong></span> <span class='ocrx_word' id='word_1_57' title='bbox 1023 1474 1103 1517; x_wconf 78' lang='lat' dir='ltr'><strong>textu</strong></span> <span class='ocrx_word' id='word_1_58' title='bbox 1128 1461 1170 1518; x_wconf 91' lang='lat' dir='ltr'><strong>sic</strong></span> <span class='ocrx_word' id='word_1_59' title='bbox 1194 1460 1344 1535; x_wconf 86' lang='lat' dir='ltr'><strong>loquitur:</strong></span> <span class='ocrx_word' id='word_1_60' title='bbox 1385 1463 1416 1516; x_wconf 93' lang='lat' dir='ltr'><strong>In</strong></span> 
     </span>
     <span class='ocr_line' id='line_1_11' title="bbox 225 1519 1457 1627; baseline -0.011 -14"><span class='ocrx_word' id='word_1_61' title='bbox 225 1519 401 1625; x_wconf 53' lang='lat' dir='ltr'><strong>,addititiam</strong></span> <span class='ocrx_word' id='word_1_62' title='bbox 428 1571 482 1627; x_wconf 86' lang='lat' dir='ltr'><strong>qua</strong></span> <span class='ocrx_word' id='word_1_63' title='bbox 507 1552 575 1606; x_wconf 77' lang='lat' dir='ltr'><strong>die?</strong></span> <span class='ocrx_word' id='word_1_64' title='bbox 601 1551 724 1618; x_wconf 83' lang='lat' dir='ltr'><strong>Quando</strong></span> <span class='ocrx_word' id='word_1_65' title='bbox 747 1550 855 1605; x_wconf 83' lang='lat' dir='ltr'><strong>uenerit</strong></span> <span class='ocrx_word' id='word_1_66' title='bbox 880 1549 907 1604; x_wconf 89' lang='lat' dir='ltr'><strong>in</strong></span> <span class='ocrx_word' id='word_1_67' title='bbox 929 1549 1079 1605; x_wconf 88' lang='lat' dir='ltr'><strong>maiestate</strong></span> <span class='ocrx_word' id='word_1_68' title='bbox 1099 1548 1261 1625; x_wconf 88' lang='lat' dir='ltr'><strong>patrissui</strong></span> <span class='ocrx_word' id='word_1_69' title='bbox 1283 1560 1309 1604; x_wconf 92' lang='lat' dir='ltr'><strong>et</strong></span> <span class='ocrx_word' id='word_1_70' title='bbox 1333 1568 1415 1627; x_wconf 86' lang='lat' dir='ltr'><strong>sepa·</strong></span> <span class='ocrx_word' id='word_1_71' title='bbox 1430 1567 1457 1600; x_wconf 87' lang='lat' dir='ltr'><strong>ro</strong></span> 
     </span>
     <span class='ocr_line' id='line_1_12' title="bbox 233 1621 1416 1718; baseline -0.003 -23"><span class='ocrx_word' id='word_1_72' title='bbox 233 1621 395 1718; x_wconf 50' lang='lat' dir='ltr'><strong>fflffi&#39;ss}</strong></span> <span class='ocrx_word' id='word_1_73' title='bbox 431 1640 541 1695; x_wconf 83' lang='lat' dir='ltr'><strong>raverit</strong></span> <span class='ocrx_word' id='word_1_74' title='bbox 557 1657 605 1694; x_wconf 88' lang='lat' dir='ltr'><strong>eos</strong></span> <span class='ocrx_word' id='word_1_75' title='bbox 621 1639 656 1692; x_wconf 84' lang='lat' dir='ltr'><strong>ab</strong></span> <span class='ocrx_word' id='word_1_76' title='bbox 673 1637 804 1707; x_wconf 87' lang='lat' dir='ltr'><strong>inuicem,</strong></span> <span class='ocrx_word' id='word_1_77' title='bbox 825 1637 899 1692; x_wconf 89' lang='lat' dir='ltr'><strong>sicut</strong></span> <span class='ocrx_word' id='word_1_78' title='bbox 912 1647 1018 1713; x_wconf 88' lang='lat' dir='ltr'><strong>pastor</strong></span> <span class='ocrx_word' id='word_1_79' title='bbox 1033 1654 1160 1714; x_wconf 81' lang='lat' dir='ltr'><strong>gregem</strong></span> <span class='ocrx_word' id='word_1_80' title='bbox 1176 1655 1276 1691; x_wconf 83' lang='lat' dir='ltr'><strong>suurn:</strong></span> <span class='ocrx_word' id='word_1_81' title='bbox 1300 1638 1416 1711; x_wconf 85' lang='lat' dir='ltr'><strong>qnando</strong></span> 
     </span>
     <span class='ocr_line' id='line_1_13' title="bbox 212 1724 1415 1802; baseline -0.002 -20"><span class='ocrx_word' id='word_1_82' title='bbox 212 1724 486 1782; x_wconf 67' lang='lat' dir='ltr'><strong>uittbemanisest.1·0m</strong></span> <span class='ocrx_word' id='word_1_83' title='bbox 511 1745 593 1782; x_wconf 89' lang='lat' dir='ltr'><strong>nemo</strong></span> <span class='ocrx_word' id='word_1_84' title='bbox 616 1744 704 1781; x_wconf 88' lang='lat' dir='ltr'><strong>ausus</strong></span> <span class='ocrx_word' id='word_1_85' title='bbox 728 1735 769 1781; x_wconf 87' lang='lat' dir='ltr'><strong>est</strong></span> <span class='ocrx_word' id='word_1_86' title='bbox 792 1724 920 1802; x_wconf 81' lang='lat' dir='ltr'><strong>garrula</strong></span> <span class='ocrx_word' id='word_1_87' title='bbox 954 1724 1139 1780; x_wconf 82' lang='lat' dir='ltr'><strong>contencione</strong></span> <span class='ocrx_word' id='word_1_88' title='bbox 1165 1742 1333 1779; x_wconf 84' lang='lat' dir='ltr'><strong>sermonum</strong></span> <span class='ocrx_word' id='word_1_89' title='bbox 1366 1737 1415 1780; x_wconf 91' lang='lat' dir='ltr'><strong>aut</strong></span> 
     </span>
    </p>

    <p class='ocr_par' dir='ltr' id='par_1_5' title="bbox 425 1811 1463 4069">
     <span class='ocr_line' id='line_1_14' title="bbox 430 1811 1415 1887; baseline -0.003 -17"><span class='ocrx_word' id='word_1_90' title='bbox 430 1813 609 1870; x_wconf 88' lang='lat' dir='ltr'><strong>mendacium</strong></span> <span class='ocrx_word' id='word_1_91' title='bbox 634 1813 791 1887; x_wconf 78' lang='lat' dir='ltr'><strong>defendere</strong></span> <span class='ocrx_word' id='word_1_92' title='bbox 814 1823 863 1866; x_wconf 89' lang='lat' dir='ltr'><strong>ant</strong></span> <span class='ocrx_word' id='word_1_93' title='bbox 887 1811 1092 1868; x_wconf 75' lang='lat' dir='ltr'><strong>contradicere</strong></span> <span class='ocrx_word' id='word_1_94' title='bbox 1115 1811 1241 1881; x_wconf 84' lang='lat' dir='ltr'><strong>ueritati,</strong></span> <span class='ocrx_word' id='word_1_95' title='bbox 1264 1812 1333 1886; x_wconf 85' lang='lat' dir='ltr'><strong>quia</strong></span> <span class='ocrx_word' id='word_1_96' title='bbox 1349 1824 1415 1868; x_wconf 87' lang='lat' dir='ltr'><strong>tunc</strong></span> 
     </span>
     <span class='ocr_line' id='line_1_15' title="bbox 430 1898 1416 1976; baseline -0.001 -20"><span class='ocrx_word' id='word_1_97' title='bbox 430 1904 486 1957; x_wconf 93' lang='lat' dir='ltr'><strong>iam</strong></span> <span class='ocrx_word' id='word_1_98' title='bbox 510 1920 565 1956; x_wconf 91' lang='lat' dir='ltr'><strong>non</strong></span> <span class='ocrx_word' id='word_1_99' title='bbox 590 1900 745 1955; x_wconf 88' lang='lat' dir='ltr'><strong>mundialis</strong></span> <span class='ocrx_word' id='word_1_100' title='bbox 768 1911 795 1954; x_wconf 92' lang='lat' dir='ltr'><strong>et</strong></span> <span class='ocrx_word' id='word_1_101' title='bbox 820 1918 893 1954; x_wconf 82' lang='lat' dir='ltr'><strong>uana</strong></span> <span class='ocrx_word' id='word_1_102' title='bbox 916 1898 1015 1976; x_wconf 86' lang='lat' dir='ltr'><strong>gloria</strong></span> <span class='ocrx_word' id='word_1_103' title='bbox 1028 1898 1215 1954; x_wconf 88' lang='lat' dir='ltr'><strong>desideratur</strong></span> <span class='ocrx_word' id='word_1_104' title='bbox 1229 1899 1282 1953; x_wconf 91' lang='lat' dir='ltr'><strong>sed</strong></span> <span class='ocrx_word' id='word_1_105' title='bbox 1289 1899 1416 1976; x_wconf 84' lang='lat' dir='ltr'><strong>flamma</strong></span> 
     </span>
     <span class='ocr_line' id='line_1_16' title="bbox 429 1986 1457 2064; baseline -0.008 -20"><span class='ocrx_word' id='word_1_106' title='bbox 429 1989 528 2044; x_wconf 89' lang='lat' dir='ltr'><strong>indicii</strong></span> <span class='ocrx_word' id='word_1_107' title='bbox 549 1999 575 2043; x_wconf 91' lang='lat' dir='ltr'><strong>et</strong></span> <span class='ocrx_word' id='word_1_108' title='bbox 595 2006 670 2064; x_wconf 87' lang='lat' dir='ltr'><strong>pena</strong></span> <span class='ocrx_word' id='word_1_109' title='bbox 694 1987 819 2042; x_wconf 90' lang='lat' dir='ltr'><strong>timetur.</strong></span> <span class='ocrx_word' id='word_1_110' title='bbox 846 1987 877 2041; x_wconf 94' lang='lat' dir='ltr'><strong>In</strong></span> <span class='ocrx_word' id='word_1_111' title='bbox 901 1987 951 2041; x_wconf 87' lang='lat' dir='ltr'><strong>illo</strong></span> <span class='ocrx_word' id='word_1_112' title='bbox 976 1986 1021 2042; x_wconf 88' lang='lat' dir='ltr'><strong>die</strong></span> <span class='ocrx_word' id='word_1_113' title='bbox 1044 1986 1159 2060; x_wconf 87' lang='lat' dir='ltr'><strong>qnando</strong></span> <span class='ocrx_word' id='word_1_114' title='bbox 1184 2004 1216 2040; x_wconf 90' lang='lat' dir='ltr'><strong>os</strong></span> <span class='ocrx_word' id='word_1_115' title='bbox 1239 2005 1295 2041; x_wconf 93' lang='lat' dir='ltr'><strong>non</strong></span> <span class='ocrx_word' id='word_1_116' title='bbox 1325 1987 1457 2061; x_wconf 76' lang='lat' dir='ltr'><strong>loqui-15</strong></span> 
     </span>
     <span class='ocr_line' id='line_1_17' title="bbox 430 2073 1417 2150; baseline -0.004 -18"><span class='ocrx_word' id='word_1_117' title='bbox 430 2089 479 2132; x_wconf 90' lang='lat' dir='ltr'><strong>tur</strong></span> <span class='ocrx_word' id='word_1_118' title='bbox 502 2086 528 2131; x_wconf 90' lang='lat' dir='ltr'><strong>et</strong></span> <span class='ocrx_word' id='word_1_119' title='bbox 551 2093 622 2150; x_wconf 85' lang='lat' dir='ltr'><strong>opus</strong></span> <span class='ocrx_word' id='word_1_120' title='bbox 645 2093 700 2130; x_wconf 88' lang='lat' dir='ltr'><strong>non</strong></span> <span class='ocrx_word' id='word_1_121' title='bbox 723 2073 920 2141; x_wconf 80' lang='lat' dir='ltr'><strong>absconditur,</strong></span> <span class='ocrx_word' id='word_1_122' title='bbox 952 2074 1025 2130; x_wconf 89' lang='lat' dir='ltr'><strong>sicut</strong></span> <span class='ocrx_word' id='word_1_123' title='bbox 1049 2074 1078 2127; x_wconf 91' lang='lat' dir='ltr'><strong>in</strong></span> <span class='ocrx_word' id='word_1_124' title='bbox 1102 2073 1156 2128; x_wconf 89' lang='lat' dir='ltr'><strong>hoc</strong></span> <span class='ocrx_word' id='word_1_125' title='bbox 1179 2084 1319 2150; x_wconf 88' lang='lat' dir='ltr'><strong>ternpore.</strong></span> <span class='ocrx_word' id='word_1_126' title='bbox 1359 2075 1417 2129; x_wconf 88' lang='lat' dir='ltr'><strong>Sed</strong></span> 
     </span>
     <span class='ocr_line' id='line_1_18' title="bbox 431 2161 1417 2238; baseline -0.003 -19"><span class='ocrx_word' id='word_1_127' title='bbox 431 2174 548 2219; x_wconf 85' lang='lat' dir='ltr'><strong>econtra</strong></span> <span class='ocrx_word' id='word_1_128' title='bbox 581 2180 670 2237; x_wconf 85' lang='lat' dir='ltr'><strong>opera</strong></span> <span class='ocrx_word' id='word_1_129' title='bbox 702 2161 886 2238; x_wconf 82' lang='lat' dir='ltr'><strong>singulorum</strong></span> <span class='ocrx_word' id='word_1_130' title='bbox 927 2161 1079 2235; x_wconf 87' lang='lat' dir='ltr'><strong>loquentur</strong></span> <span class='ocrx_word' id='word_1_131' title='bbox 1117 2172 1145 2215; x_wconf 89' lang='lat' dir='ltr'><strong>et</strong></span> <span class='ocrx_word' id='word_1_132' title='bbox 1182 2179 1236 2216; x_wconf 88' lang='lat' dir='ltr'><strong>ora</strong></span> <span class='ocrx_word' id='word_1_133' title='bbox 1273 2162 1417 2230; x_wconf 81' lang='lat' dir='ltr'><strong>tacebunt,</strong></span> 
     </span>
     <span class='ocr_line' id='line_1_19' title="bbox 431 2248 1417 2325; baseline 0 -23"><span class='ocrx_word' id='word_1_134' title='bbox 431 2250 545 2325; x_wconf 85' lang='lat' dir='ltr'><strong>quando</strong></span> <span class='ocrx_word' id='word_1_135' title='bbox 568 2268 623 2304; x_wconf 88' lang='lat' dir='ltr'><strong>nnn</strong></span> <span class='ocrx_word' id='word_1_136' title='bbox 643 2267 769 2324; x_wconf 87' lang='lat' dir='ltr'><strong>persona</strong></span> <span class='ocrx_word' id='word_1_137' title='bbox 794 2248 1000 2324; x_wconf 78' lang='lat' dir='ltr'><strong>interrogatur</strong></span> <span class='ocrx_word' id='word_1_138' title='bbox 1031 2260 1057 2303; x_wconf 86' lang='lat' dir='ltr'><strong>et</strong></span> <span class='ocrx_word' id='word_1_139' title='bbox 1090 2248 1267 2304; x_wconf 83' lang='lat' dir='ltr'><strong>consciencia</strong></span> <span class='ocrx_word' id='word_1_140' title='bbox 1293 2249 1417 2320; x_wconf 83' lang='lat' dir='ltr'><strong>ridetur,</strong></span> 
     </span>
     <span class='ocr_line' id='line_1_20' title="bbox 430 2335 1417 2412; baseline -0.003 -20"><span class='ocrx_word' id='word_1_141' title='bbox 430 2338 482 2393; x_wconf 92' lang='lat' dir='ltr'><strong>sed</strong></span> <span class='ocrx_word' id='word_1_142' title='bbox 505 2348 622 2392; x_wconf 89' lang='lat' dir='ltr'><strong>econtra</strong></span> <span class='ocrx_word' id='word_1_143' title='bbox 646 2336 820 2392; x_wconf 84' lang='lat' dir='ltr'><strong>consciencia</strong></span> <span class='ocrx_word' id='word_1_144' title='bbox 845 2335 998 2391; x_wconf 85' lang='lat' dir='ltr'><strong>discutitur</strong></span> <span class='ocrx_word' id='word_1_145' title='bbox 1021 2346 1047 2390; x_wconf 93' lang='lat' dir='ltr'><strong>et</strong></span> <span class='ocrx_word' id='word_1_146' title='bbox 1067 2354 1196 2412; x_wconf 88' lang='lat' dir='ltr'><strong>persona</strong></span> <span class='ocrx_word' id='word_1_147' title='bbox 1218 2337 1417 2411; x_wconf 81' lang='lat' dir='ltr'><strong>confunditur,</strong></span> 
     </span>
     <span class='ocr_line' id='line_1_21' title="bbox 432 2423 1460 2500; baseline 0 -21"><span class='ocrx_word' id='word_1_148' title='bbox 432 2425 543 2480; x_wconf 88' lang='lat' dir='ltr'><strong>dicente</strong></span> <span class='ocrx_word' id='word_1_149' title='bbox 566 2423 719 2500; x_wconf 80' lang='lat' dir='ltr'><strong>Apostolo:</strong></span> <span class='ocrx_word' id='word_1_150' title='bbox 755 2423 992 2500; x_wconf 85' lang='lat' dir='ltr'><strong>Cogitaeionibus</strong></span> <span class='ocrx_word' id='word_1_151' title='bbox 1015 2423 1135 2479; x_wconf 84' lang='lat' dir='ltr'><strong>inuicem</strong></span> <span class='ocrx_word' id='word_1_152' title='bbox 1159 2442 1190 2479; x_wconf 89' lang='lat' dir='ltr'><strong>se</strong></span> <span class='ocrx_word' id='word_1_153' title='bbox 1216 2424 1418 2480; x_wconf 85' lang='lat' dir='ltr'><strong>accusantibus</strong></span> <span class='ocrx_word' id='word_1_154' title='bbox 1430 2439 1460 2472; x_wconf 83' lang='lat'><strong>20</strong></span> 
     </span>
     <span class='ocr_line' id='line_1_22' title="bbox 431 2509 1419 2585; baseline 0 -18"><span class='ocrx_word' id='word_1_155' title='bbox 431 2523 479 2567; x_wconf 91' lang='lat' dir='ltr'><strong>aut</strong></span> <span class='ocrx_word' id='word_1_156' title='bbox 504 2511 593 2566; x_wconf 89' lang='lat' dir='ltr'><strong>eciam</strong></span> <span class='ocrx_word' id='word_1_157' title='bbox 611 2510 838 2585; x_wconf 49' lang='lat' dir='ltr'><strong>dependentibus.</strong></span> <span class='ocrx_word' id='word_1_158' title='bbox 863 2511 894 2564; x_wconf 89' lang='lat' dir='ltr'><strong>ln</strong></span> <span class='ocrx_word' id='word_1_159' title='bbox 918 2510 969 2565; x_wconf 92' lang='lat' dir='ltr'><strong>illa</strong></span> <span class='ocrx_word' id='word_1_160' title='bbox 987 2511 1041 2581; x_wconf 89' lang='lat' dir='ltr'><strong>die,</strong></span> <span class='ocrx_word' id='word_1_161' title='bbox 1059 2511 1174 2585; x_wconf 83' lang='lat' dir='ltr'><strong>qnando</strong></span> <span class='ocrx_word' id='word_1_162' title='bbox 1191 2509 1274 2567; x_wconf 83' lang='lat' dir='ltr'><strong>nemo</strong></span> <span class='ocrx_word' id='word_1_163' title='bbox 1297 2523 1419 2568; x_wconf 82' lang='lat' dir='ltr'><strong>excusat</strong></span> 
     </span>
     <span class='ocr_line' id='line_1_23' title="bbox 429 2597 1419 2675; baseline -0.001 -21"><span class='ocrx_word' id='word_1_164' title='bbox 429 2610 625 2675; x_wconf 88' lang='lat' dir='ltr'><strong>peecatorem,</strong></span> <span class='ocrx_word' id='word_1_165' title='bbox 649 2597 700 2654; x_wconf 90' lang='lat' dir='ltr'><strong>sed</strong></span> <span class='ocrx_word' id='word_1_166' title='bbox 723 2615 821 2653; x_wconf 87' lang='lat' dir='ltr'><strong>ornnes</strong></span> <span class='ocrx_word' id='word_1_167' title='bbox 843 2609 990 2668; x_wconf 88' lang='lat' dir='ltr'><strong>accusant,</strong></span> <span class='ocrx_word' id='word_1_168' title='bbox 1015 2616 1065 2653; x_wconf 88' lang='lat' dir='ltr'><strong>nec</strong></span> <span class='ocrx_word' id='word_1_169' title='bbox 1089 2598 1166 2653; x_wconf 89' lang='lat' dir='ltr'><strong>alter</strong></span> <span class='ocrx_word' id='word_1_170' title='bbox 1178 2617 1236 2675; x_wconf 88' lang='lat' dir='ltr'><strong>pro</strong></span> <span class='ocrx_word' id='word_1_171' title='bbox 1258 2598 1354 2656; x_wconf 86' lang='lat' dir='ltr'><strong>altero</strong></span> <span class='ocrx_word' id='word_1_172' title='bbox 1376 2599 1419 2654; x_wconf 91' lang='lat' dir='ltr'><strong>in-</strong></span> 
     </span>
     <span class='ocr_line' id='line_1_24' title="bbox 432 2685 1418 2761; baseline 0.001 -21"><span class='ocrx_word' id='word_1_173' title='bbox 432 2686 564 2756; x_wconf 85' lang='lat' dir='ltr'><strong>terrenit,</strong></span> <span class='ocrx_word' id='word_1_174' title='bbox 587 2686 640 2740; x_wconf 88' lang='lat' dir='ltr'><strong>sed</strong></span> <span class='ocrx_word' id='word_1_175' title='bbox 661 2685 773 2761; x_wconf 76' lang='lat' dir='ltr'><strong>singuli</strong></span> <span class='ocrx_word' id='word_1_176' title='bbox 794 2685 833 2740; x_wconf 86' lang='lat' dir='ltr'><strong>ibi</strong></span> <span class='ocrx_word' id='word_1_177' title='bbox 855 2685 1001 2756; x_wconf 82' lang='lat' dir='ltr'><strong>timebunt,</strong></span> <span class='ocrx_word' id='word_1_178' title='bbox 1025 2685 1090 2760; x_wconf 83' lang='lat' dir='ltr'><strong>quia</strong></span> <span class='ocrx_word' id='word_1_179' title='bbox 1114 2685 1141 2740; x_wconf 92' lang='lat' dir='ltr'><strong>iu</strong></span> <span class='ocrx_word' id='word_1_180' title='bbox 1166 2686 1217 2742; x_wconf 91' lang='lat' dir='ltr'><strong>illo</strong></span> <span class='ocrx_word' id='word_1_181' title='bbox 1239 2685 1346 2743; x_wconf 90' lang='lat' dir='ltr'><strong>iudicio</strong></span> <span class='ocrx_word' id='word_1_182' title='bbox 1362 2705 1418 2742; x_wconf 90' lang='lat' dir='ltr'><strong>non</strong></span> 
     </span>
     <span class='ocr_line' id='line_1_25' title="bbox 432 2772 1418 2850; baseline -0.002 -21"><span class='ocrx_word' id='word_1_183' title='bbox 432 2783 516 2829; x_wconf 88' lang='lat' dir='ltr'><strong>erunt</strong></span> <span class='ocrx_word' id='word_1_184' title='bbox 539 2783 625 2828; x_wconf 87' lang='lat' dir='ltr'><strong>testes</strong></span> <span class='ocrx_word' id='word_1_185' title='bbox 648 2772 818 2827; x_wconf 91' lang='lat' dir='ltr'><strong>adulatores</strong></span> <span class='ocrx_word' id='word_1_186' title='bbox 841 2773 981 2842; x_wconf 86' lang='lat' dir='ltr'><strong>homines,</strong></span> <span class='ocrx_word' id='word_1_187' title='bbox 1013 2773 1066 2828; x_wconf 90' lang='lat' dir='ltr'><strong>sed</strong></span> <span class='ocrx_word' id='word_1_188' title='bbox 1088 2774 1190 2850; x_wconf 88' lang='lat' dir='ltr'><strong>angeli</strong></span> <span class='ocrx_word' id='word_1_189' title='bbox 1211 2792 1339 2845; x_wconf 75' lang='lat' dir='ltr'><strong>veraces,</strong></span> <span class='ocrx_word' id='word_1_190' title='bbox 1362 2793 1418 2829; x_wconf 87' lang='lat' dir='ltr'><strong>non</strong></span> 
     </span>
     <span class='ocr_line' id='line_1_26' title="bbox 433 2859 1458 2936; baseline -0.001 -20"><span class='ocrx_word' id='word_1_191' title='bbox 433 2871 516 2916; x_wconf 89' lang='lat' dir='ltr'><strong>erunt</strong></span> <span class='ocrx_word' id='word_1_192' title='bbox 555 2859 712 2914; x_wconf 84' lang='lat' dir='ltr'><strong>iudicantes</strong></span> <span class='ocrx_word' id='word_1_193' title='bbox 746 2877 942 2935; x_wconf 88' lang='lat' dir='ltr'><strong>personarum</strong></span> <span class='ocrx_word' id='word_1_194' title='bbox 981 2871 1148 2936; x_wconf 88' lang='lat' dir='ltr'><strong>acceptores</strong></span> <span class='ocrx_word' id='word_1_195' title='bbox 1190 2860 1330 2933; x_wconf 87' lang='lat' dir='ltr'><strong>homines,</strong></span> <span class='ocrx_word' id='word_1_196' title='bbox 1367 2860 1458 2917; x_wconf 75' lang='lat' dir='ltr'><strong>sed25</strong></span> 
     </span>
     <span class='ocr_line' id='line_1_27' title="bbox 434 2945 1418 3024; baseline 0.002 -22"><span class='ocrx_word' id='word_1_197' title='bbox 434 2948 514 3003; x_wconf 90' lang='lat' dir='ltr'><strong>Dens</strong></span> <span class='ocrx_word' id='word_1_198' title='bbox 537 2947 629 3002; x_wconf 89' lang='lat' dir='ltr'><strong>iustus</strong></span> <span class='ocrx_word' id='word_1_199' title='bbox 651 2945 700 3020; x_wconf 82' lang='lat' dir='ltr'><strong>qui</strong></span> <span class='ocrx_word' id='word_1_200' title='bbox 722 2946 828 3002; x_wconf 88' lang='lat' dir='ltr'><strong>reddat</strong></span> <span class='ocrx_word' id='word_1_201' title='bbox 851 2946 1002 3022; x_wconf 82' lang='lat' dir='ltr'><strong>unicuique</strong></span> <span class='ocrx_word' id='word_1_202' title='bbox 1024 2948 1108 3002; x_wconf 80' lang='lat' dir='ltr'><strong>iuxta</strong></span> <span class='ocrx_word' id='word_1_203' title='bbox 1132 2966 1222 3023; x_wconf 81' lang='lat' dir='ltr'><strong>opera</strong></span> <span class='ocrx_word' id='word_1_204' title='bbox 1243 2967 1309 3020; x_wconf 89' lang='lat' dir='ltr'><strong>sua,</strong></span> <span class='ocrx_word' id='word_1_205' title='bbox 1332 2967 1418 3024; x_wconf 82' lang='lat' dir='ltr'><strong>quam</strong></span> 
     </span>
     <span class='ocr_line' id='line_1_28' title="bbox 432 3032 1420 3112; baseline 0.003 -23"><span class='ocrx_word' id='word_1_206' title='bbox 432 3035 554 3111; x_wconf 80' lang='lat' dir='ltr'><strong>proprie</strong></span> <span class='ocrx_word' id='word_1_207' title='bbox 591 3032 753 3089; x_wconf 88' lang='lat' dir='ltr'><strong>tirnencium</strong></span> <span class='ocrx_word' id='word_1_208' title='bbox 802 3034 949 3089; x_wconf 88' lang='lat' dir='ltr'><strong>hominurn</strong></span> <span class='ocrx_word' id='word_1_209' title='bbox 988 3045 1015 3090; x_wconf 90' lang='lat' dir='ltr'><strong>et</strong></span> <span class='ocrx_word' id='word_1_210' title='bbox 1050 3035 1205 3112; x_wconf 80' lang='lat' dir='ltr'><strong>angustias</strong></span> <span class='ocrx_word' id='word_1_211' title='bbox 1238 3036 1420 3112; x_wconf 87' lang='lat' dir='ltr'><strong>paciencium</strong></span> 
     </span>
     <span class='ocr_line' id='line_1_29' title="bbox 435 3120 1419 3199; baseline 0.001 -22"><span class='ocrx_word' id='word_1_212' title='bbox 435 3141 531 3179; x_wconf 87' lang='lat' dir='ltr'><strong>uocem</strong></span> <span class='ocrx_word' id='word_1_213' title='bbox 556 3120 700 3197; x_wconf 75' lang='lat' dir='ltr'><strong>expressit</strong></span> <span class='ocrx_word' id='word_1_214' title='bbox 724 3121 836 3177; x_wconf 89' lang='lat' dir='ltr'><strong>dicens:</strong></span> <span class='ocrx_word' id='word_1_215' title='bbox 860 3121 986 3177; x_wconf 89' lang='lat' dir='ltr'><strong>Domine</strong></span> <span class='ocrx_word' id='word_1_216' title='bbox 1009 3122 1141 3178; x_wconf 87' lang='lat' dir='ltr'><strong>Domine.</strong></span> <span class='ocrx_word' id='word_1_217' title='bbox 1167 3123 1233 3178; x_wconf 86' lang='lat' dir='ltr'><strong>Non</strong></span> <span class='ocrx_word' id='word_1_218' title='bbox 1256 3124 1331 3179; x_wconf 89' lang='lat' dir='ltr'><strong>enim</strong></span> <span class='ocrx_word' id='word_1_219' title='bbox 1354 3124 1419 3199; x_wconf 82' lang='lat' dir='ltr'><strong>sus-</strong></span> 
     </span>
     <span class='ocr_line' id='line_1_30' title="bbox 425 3208 1422 3287; baseline 0.001 -22"><span class='ocrx_word' id='word_1_220' title='bbox 425 3210 493 3287; x_wconf 84' lang='lat' dir='ltr'><strong>ficit</strong></span> <span class='ocrx_word' id='word_1_221' title='bbox 525 3209 568 3264; x_wconf 85' lang='lat' dir='ltr'><strong>illi</strong></span> <span class='ocrx_word' id='word_1_222' title='bbox 598 3208 687 3264; x_wconf 90' lang='lat' dir='ltr'><strong>semel</strong></span> <span class='ocrx_word' id='word_1_223' title='bbox 719 3209 815 3264; x_wconf 88' lang='lat' dir='ltr'><strong>dicere</strong></span> <span class='ocrx_word' id='word_1_224' title='bbox 839 3209 964 3265; x_wconf 90' lang='lat' dir='ltr'><strong>Domine</strong></span> <span class='ocrx_word' id='word_1_225' title='bbox 995 3227 1080 3283; x_wconf 87' lang='lat' dir='ltr'><strong>quam</strong></span> <span class='ocrx_word' id='word_1_226' title='bbox 1116 3210 1270 3266; x_wconf 87' lang='lat' dir='ltr'><strong>necessitas</strong></span> <span class='ocrx_word' id='word_1_227' title='bbox 1307 3211 1422 3268; x_wconf 87' lang='lat' dir='ltr'><strong>timoris</strong></span> 
     </span>
     <span class='ocr_line' id='line_1_31' title="bbox 434 3295 1463 3373; baseline 0.002 -21"><span class='ocrx_word' id='word_1_228' title='bbox 434 3297 581 3373; x_wconf 85' lang='lat' dir='ltr'><strong>astringit.</strong></span> <span class='ocrx_word' id='word_1_229' title='bbox 621 3295 724 3351; x_wconf 88' lang='lat' dir='ltr'><strong>Nonne</strong></span> <span class='ocrx_word' id='word_1_230' title='bbox 755 3296 783 3350; x_wconf 90' lang='lat' dir='ltr'><strong>in</strong></span> <span class='ocrx_word' id='word_1_231' title='bbox 815 3297 930 3351; x_wconf 88' lang='lat' dir='ltr'><strong>nomine</strong></span> <span class='ocrx_word' id='word_1_232' title='bbox 961 3307 1009 3351; x_wconf 88' lang='lat' dir='ltr'><strong>tuo</strong></span> <span class='ocrx_word' id='word_1_233' title='bbox 1040 3297 1304 3373; x_wconf 79' lang='lat' dir='ltr'><strong>prophetavimus?</strong></span> <span class='ocrx_word' id='word_1_234' title='bbox 1344 3299 1419 3355; x_wconf 90' lang='lat' dir='ltr'><strong>Con·</strong></span> <span class='ocrx_word' id='word_1_235' title='bbox 1432 3298 1463 3348; x_wconf 83' lang='lat'><strong>3⁰</strong></span> 
     </span>
     <span class='ocr_line' id='line_1_32' title="bbox 433 3382 1423 3459; baseline 0.003 -20"><span class='ocrx_word' id='word_1_236' title='bbox 433 3384 531 3439; x_wconf 88' lang='lat' dir='ltr'><strong>sidera</strong></span> <span class='ocrx_word' id='word_1_237' title='bbox 548 3383 612 3458; x_wconf 84' lang='lat' dir='ltr'><strong>quia</strong></span> <span class='ocrx_word' id='word_1_238' title='bbox 625 3382 652 3437; x_wconf 92' lang='lat' dir='ltr'><strong>in</strong></span> <span class='ocrx_word' id='word_1_239' title='bbox 670 3383 898 3453; x_wconf 88' lang='lat' dir='ltr'><strong>nominedicunt,</strong></span> <span class='ocrx_word' id='word_1_240' title='bbox 923 3401 978 3438; x_wconf 89' lang='lat' dir='ltr'><strong>non</strong></span> <span class='ocrx_word' id='word_1_241' title='bbox 1002 3384 1029 3438; x_wconf 91' lang='lat' dir='ltr'><strong>in</strong></span> <span class='ocrx_word' id='word_1_242' title='bbox 1045 3385 1160 3459; x_wconf 86' lang='lat' dir='ltr'><strong>spiritu,</strong></span> <span class='ocrx_word' id='word_1_243' title='bbox 1183 3385 1248 3459; x_wconf 86' lang='lat' dir='ltr'><strong>qnia</strong></span> <span class='ocrx_word' id='word_1_244' title='bbox 1265 3385 1292 3440; x_wconf 92' lang='lat' dir='ltr'><strong>in</strong></span> <span class='ocrx_word' id='word_1_245' title='bbox 1310 3386 1423 3442; x_wconf 72' lang='lat' dir='ltr'><strong>trorrrine</strong></span> 
     </span>
     <span class='ocr_line' id='line_1_33' title="bbox 439 3470 1425 3548; baseline 0.003 -23"><span class='ocrx_word' id='word_1_246' title='bbox 439 3470 550 3526; x_wconf 78' lang='lat' dir='ltr'><strong>Christi</strong></span> <span class='ocrx_word' id='word_1_247' title='bbox 572 3470 656 3525; x_wconf 89' lang='lat' dir='ltr'><strong>multi</strong></span> <span class='ocrx_word' id='word_1_248' title='bbox 677 3471 826 3526; x_wconf 85' lang='lat' dir='ltr'><strong>ambulant</strong></span> <span class='ocrx_word' id='word_1_249' title='bbox 858 3471 908 3545; x_wconf 87' lang='lat' dir='ltr'><strong>qni</strong></span> <span class='ocrx_word' id='word_1_250' title='bbox 938 3490 993 3526; x_wconf 88' lang='lat' dir='ltr'><strong>non</strong></span> <span class='ocrx_word' id='word_1_251' title='bbox 1018 3471 1121 3527; x_wconf 86' lang='lat' dir='ltr'><strong>habent</strong></span> <span class='ocrx_word' id='word_1_252' title='bbox 1148 3472 1283 3548; x_wconf 88' lang='lat' dir='ltr'><strong>spiritum</strong></span> <span class='ocrx_word' id='word_1_253' title='bbox 1313 3473 1425 3530; x_wconf 82' lang='lat' dir='ltr'><strong>Christi</strong></span> 
     </span>
     <span class='ocr_line' id='line_1_34' title="bbox 435 3557 1423 3618; baseline 0.003 -4"><span class='ocrx_word' id='word_1_254' title='bbox 435 3558 486 3615; x_wconf 88' lang='lat' dir='ltr'><strong>sed</strong></span> <span class='ocrx_word' id='word_1_255' title='bbox 522 3557 678 3613; x_wconf 89' lang='lat' dir='ltr'><strong>seducendi</strong></span> <span class='ocrx_word' id='word_1_256' title='bbox 707 3576 803 3616; x_wconf 82' lang='lat' dir='ltr'><strong>causa.</strong></span> <span class='ocrx_word' id='word_1_257' title='bbox 836 3559 905 3614; x_wconf 92' lang='lat' dir='ltr'><strong>Ideo</strong></span> <span class='ocrx_word' id='word_1_258' title='bbox 937 3578 992 3613; x_wconf 87' lang='lat' dir='ltr'><strong>rum</strong></span> <span class='ocrx_word' id='word_1_259' title='bbox 1025 3577 1063 3614; x_wconf 82' lang='lat' dir='ltr'><strong>ex</strong></span> <span class='ocrx_word' id='word_1_260' title='bbox 1094 3559 1209 3615; x_wconf 88' lang='lat' dir='ltr'><strong>nomine</strong></span> <span class='ocrx_word' id='word_1_261' title='bbox 1234 3560 1347 3618; x_wconf 83' lang='lat' dir='ltr'><strong>Christi</strong></span> <span class='ocrx_word' id='word_1_262' title='bbox 1377 3579 1423 3617; x_wconf 91' lang='lat' dir='ltr'><strong>co-</strong></span> 
     </span>
     <span class='ocr_line' id='line_1_35' title="bbox 434 3645 1423 3728; baseline 0.003 -26"><span class='ocrx_word' id='word_1_263' title='bbox 434 3646 594 3724; x_wconf 84' lang='lat' dir='ltr'><strong>gnoscendi</strong></span> <span class='ocrx_word' id='word_1_264' title='bbox 622 3656 687 3700; x_wconf 92' lang='lat' dir='ltr'><strong>sunt</strong></span> <span class='ocrx_word' id='word_1_265' title='bbox 714 3645 875 3701; x_wconf 84' lang='lat' dir='ltr'><strong>Christiani</strong></span> <span class='ocrx_word' id='word_1_266' title='bbox 904 3646 956 3702; x_wconf 93' lang='lat' dir='ltr'><strong>sed</strong></span> <span class='ocrx_word' id='word_1_267' title='bbox 988 3647 1022 3702; x_wconf 88' lang='lat' dir='ltr'><strong>de</strong></span> <span class='ocrx_word' id='word_1_268' title='bbox 1045 3647 1150 3721; x_wconf 83' lang='lat' dir='ltr'><strong>spiritu</strong></span> <span class='ocrx_word' id='word_1_269' title='bbox 1177 3647 1297 3704; x_wconf 86' lang='lat' dir='ltr'><strong>Christi.</strong></span> <span class='ocrx_word' id='word_1_270' title='bbox 1336 3649 1423 3728; x_wconf 82' lang='lat' dir='ltr'><strong>Ergo</strong></span> 
     </span>
     <span class='ocr_line' id='line_1_36' title="bbox 432 3732 1462 3811; baseline -0.002 -23"><span class='ocrx_word' id='word_1_271' title='bbox 432 3734 608 3811; x_wconf 86' lang='lat' dir='ltr'><strong>prophetant</strong></span> <span class='ocrx_word' id='word_1_272' title='bbox 641 3733 668 3787; x_wconf 91' lang='lat' dir='ltr'><strong>in</strong></span> <span class='ocrx_word' id='word_1_273' title='bbox 701 3734 814 3789; x_wconf 91' lang='lat' dir='ltr'><strong>nomine</strong></span> <span class='ocrx_word' id='word_1_274' title='bbox 854 3733 974 3804; x_wconf 87' lang='lat' dir='ltr'><strong>Christi,</strong></span> <span class='ocrx_word' id='word_1_275' title='bbox 1007 3734 1035 3789; x_wconf 88' lang='lat' dir='ltr'><strong>in</strong></span> <span class='ocrx_word' id='word_1_276' title='bbox 1067 3734 1173 3811; x_wconf 88' lang='lat' dir='ltr'><strong>spiritu</strong></span> <span class='ocrx_word' id='word_1_277' title='bbox 1218 3746 1313 3791; x_wconf 89' lang='lat' dir='ltr'><strong>autern</strong></span> <span class='ocrx_word' id='word_1_278' title='bbox 1362 3732 1462 3792; x_wconf 80' lang='lat' dir='ltr'><strong>dia-35</strong></span> 
     </span>
     <span class='ocr_line' id='line_1_37' title="bbox 435 3821 1424 3900; baseline 0.004 -24"><span class='ocrx_word' id='word_1_279' title='bbox 435 3821 503 3892; x_wconf 76' lang='lat' dir='ltr'><strong>toti,</strong></span> <span class='ocrx_word' id='word_1_280' title='bbox 526 3822 624 3895; x_wconf 82' lang='lat' dir='ltr'><strong>quales</strong></span> <span class='ocrx_word' id='word_1_281' title='bbox 646 3831 713 3875; x_wconf 90' lang='lat' dir='ltr'><strong>sunt</strong></span> <span class='ocrx_word' id='word_1_282' title='bbox 735 3821 940 3878; x_wconf 87' lang='lat' dir='ltr'><strong>dominatores.</strong></span> <span class='ocrx_word' id='word_1_283' title='bbox 970 3822 1029 3876; x_wconf 83' lang='lat' dir='ltr'><strong>Sed</strong></span> <span class='ocrx_word' id='word_1_284' title='bbox 1052 3822 1092 3877; x_wconf 89' lang='lat' dir='ltr'><strong>sic</strong></span> <span class='ocrx_word' id='word_1_285' title='bbox 1115 3822 1329 3896; x_wconf 88' lang='lat' dir='ltr'><strong>discernuntur,</strong></span> <span class='ocrx_word' id='word_1_286' title='bbox 1352 3842 1424 3900; x_wconf 86' lang='lat' dir='ltr'><strong>quo·</strong></span> 
     </span>
     <span class='ocr_line' id='line_1_38' title="bbox 437 3908 1424 3986; baseline 0.003 -23"><span class='ocrx_word' id='word_1_287' title='bbox 437 3910 513 3964; x_wconf 90' lang='lat' dir='ltr'><strong>niam</strong></span> <span class='ocrx_word' id='word_1_288' title='bbox 539 3908 669 3963; x_wconf 83' lang='lat' dir='ltr'><strong>diabolus</strong></span> <span class='ocrx_word' id='word_1_289' title='bbox 692 3908 836 3964; x_wconf 90' lang='lat' dir='ltr'><strong>interdum</strong></span> <span class='ocrx_word' id='word_1_290' title='bbox 862 3927 930 3964; x_wconf 82' lang='lat' dir='ltr'><strong>uera</strong></span> <span class='ocrx_word' id='word_1_291' title='bbox 956 3908 1033 3963; x_wconf 90' lang='lat' dir='ltr'><strong>dicit.</strong></span> <span class='ocrx_word' id='word_1_292' title='bbox 1063 3909 1186 3965; x_wconf 89' lang='lat' dir='ltr'><strong>Sanctus</strong></span> <span class='ocrx_word' id='word_1_293' title='bbox 1208 3921 1303 3966; x_wconf 87' lang='lat' dir='ltr'><strong>autern</strong></span> <span class='ocrx_word' id='word_1_294' title='bbox 1328 3910 1424 3986; x_wconf 83' lang='lat' dir='ltr'><strong>Spiri-</strong></span> 
     </span>
     <span class='ocr_line' id='line_1_39' title="bbox 438 3994 1423 4069; baseline 0.003 -18"><span class='ocrx_word' id='word_1_295' title='bbox 438 4007 482 4051; x_wconf 92' lang='lat' dir='ltr'><strong>tus</strong></span> <span class='ocrx_word' id='word_1_296' title='bbox 520 4013 663 4069; x_wconf 87' lang='lat' dir='ltr'><strong>nunquam</strong></span> <span class='ocrx_word' id='word_1_297' title='bbox 702 3996 847 4055; x_wconf 86' lang='lat' dir='ltr'><strong>mentitur.</strong></span> <span class='ocrx_word' id='word_1_298' title='bbox 888 3994 1062 4053; x_wconf 87' lang='lat' dir='ltr'><strong>Concessum</strong></span> <span class='ocrx_word' id='word_1_299' title='bbox 1101 4008 1143 4052; x_wconf 90' lang='lat' dir='ltr'><strong>est</strong></span> <span class='ocrx_word' id='word_1_300' title='bbox 1175 4008 1269 4053; x_wconf 87' lang='lat' dir='ltr'><strong>autern</strong></span> <span class='ocrx_word' id='word_1_301' title='bbox 1302 4009 1331 4054; x_wconf 91' lang='lat' dir='ltr'><strong>et</strong></span> <span class='ocrx_word' id='word_1_302' title='bbox 1359 3998 1423 4054; x_wconf 87' lang='lat' dir='ltr'><strong>dia-</strong></span> 
     </span>
    </p>
   </div>
   <div class='ocr_carea' id='block_1_5' title="bbox 438 4083 1424 4152">
    <p class='ocr_par' dir='ltr' id='par_1_6' title="bbox 438 4083 1424 4152">
     <span class='ocr_line' id='line_1_40' title="bbox 438 4083 1424 4152; baseline 0.002 -13"><span class='ocrx_word' id='word_1_303' title='bbox 438 4084 502 4141; x_wconf 84' lang='lat' dir='ltr'><strong>bolo</strong></span> <span class='ocrx_word' id='word_1_304' title='bbox 540 4083 683 4139; x_wconf 84' lang='lat' dir='ltr'><strong>interdurn</strong></span> <span class='ocrx_word' id='word_1_305' title='bbox 724 4083 820 4140; x_wconf 91' lang='lat' dir='ltr'><strong>dicere</strong></span> <span class='ocrx_word' id='word_1_306' title='bbox 858 4083 1019 4152; x_wconf 83' lang='lat' dir='ltr'><strong>ueritatem,</strong></span> <span class='ocrx_word' id='word_1_307' title='bbox 1058 4095 1088 4139; x_wconf 95' lang='lat' dir='ltr'><strong>ut</strong></span> <span class='ocrx_word' id='word_1_308' title='bbox 1120 4084 1300 4142; x_wconf 86' lang='lat' dir='ltr'><strong>mendacium</strong></span> <span class='ocrx_word' id='word_1_309' title='bbox 1338 4104 1424 4142; x_wconf 90' lang='lat' dir='ltr'><strong>snum</strong></span> 
     </span>
    </p>
   </div>
   <div class='ocr_carea' id='block_1_6' title="bbox 490 4314 1417 4491">
    <p class='ocr_par' dir='ltr' id='par_1_7' title="bbox 490 4314 1417 4491">
     <span class='ocr_line' id='line_1_41' title="bbox 491 4314 1337 4372; baseline 0.001 -14"><span class='ocrx_word' id='word_1_310' title='bbox 491 4328 506 4358; x_wconf 89' lang='lat' dir='ltr'><strong>r.</strong></span> <span class='ocrx_word' id='word_1_311' title='bbox 522 4317 541 4358; x_wconf 84' lang='grc' dir='ltr'>Α</span> <span class='ocrx_word' id='word_1_312' title='bbox 558 4315 580 4358; x_wconf 87' lang='lat' dir='ltr'><strong>in</strong></span> <span class='ocrx_word' id='word_1_313' title='bbox 596 4329 681 4369; x_wconf 67' lang='lat' dir='ltr'><strong>marg:</strong></span> <span class='ocrx_word' id='word_1_314' title='bbox 696 4329 721 4370; x_wconf 76' lang='lat'><strong>3.</strong></span> <span class='ocrx_word' id='word_1_315' title='bbox 776 4316 797 4359; x_wconf 88' lang='lat'><strong>8.</strong></span> <span class='ocrx_word' id='word_1_316' title='bbox 814 4316 830 4359; x_wconf 78' lang='lat' dir='ltr'><strong>tt</strong></span> <span class='ocrx_word' id='word_1_317' title='bbox 847 4317 867 4358; x_wconf 88' lang='lat' dir='ltr'><strong>in</strong></span> <span class='ocrx_word' id='word_1_318' title='bbox 885 4328 970 4371; x_wconf 72' lang='lat' dir='ltr'><strong>marg:</strong></span> <span class='ocrx_word' id='word_1_319' title='bbox 985 4326 1029 4370; x_wconf 74' lang='lat'><strong>34.</strong></span> <span class='ocrx_word' id='word_1_320' title='bbox 1085 4314 1118 4372; x_wconf 86' lang='lat'><strong>37.</strong></span> <span class='ocrx_word' id='word_1_321' title='bbox 1135 4316 1163 4358; x_wconf 83' lang='lat' dir='ltr'><strong>n:</strong></span> <span class='ocrx_word' id='word_1_322' title='bbox 1179 4327 1256 4358; x_wconf 80' lang='lat' dir='ltr'><strong>rerunt</strong></span> <span class='ocrx_word' id='word_1_323' title='bbox 1270 4316 1337 4359; x_wconf 84' lang='lat' dir='ltr'><strong>dicit.</strong></span> 
     </span>
     <span class='ocr_line' id='line_1_42' title="bbox 490 4422 1417 4491; baseline -0.001 -17"><span class='ocrx_word' id='word_1_324' title='bbox 490 4440 513 4491; x_wconf 75' lang='lat' dir='ltr'><strong>p.</strong></span> <span class='ocrx_word' id='word_1_325' title='bbox 534 4427 584 4490; x_wconf 87' lang='lat' dir='ltr'><strong>Op.</strong></span> <span class='ocrx_word' id='word_1_326' title='bbox 604 4426 666 4490; x_wconf 90' lang='lat' dir='ltr'><strong>lmp.</strong></span> <span class='ocrx_word' id='word_1_327' title='bbox 686 4441 711 4490; x_wconf 92' lang='lat' dir='ltr'><strong>p.</strong></span> <span class='ocrx_word' id='word_1_328' title='bbox 731 4424 790 4479; x_wconf 79' lang='lat'>831.</span> <span class='ocrx_word' id='word_1_329' title='bbox 864 4441 903 4476; x_wconf 84' lang='lat'><strong>20.</strong></span> <span class='ocrx_word' id='word_1_330' title='bbox 924 4426 1000 4475; x_wconf 87' lang='lat' dir='ltr'><strong>Rom.</strong></span> <span class='ocrx_word' id='word_1_331' title='bbox 1020 4425 1049 4488; x_wconf 91' lang='lat' dir='ltr'><strong>ll,</strong></span> <span class='ocrx_word' id='word_1_332' title='bbox 1072 4427 1110 4476; x_wconf 78' lang='lat' dir='ltr'><strong>ri.</strong></span> <span class='ocrx_word' id='word_1_333' title='bbox 1183 4423 1223 4473; x_wconf 82' lang='lat'><strong>28.</strong></span> <span class='ocrx_word' id='word_1_334' title='bbox 1243 4424 1321 4473; x_wconf 86' lang='lat' dir='ltr'><strong>Rom.</strong></span> <span class='ocrx_word' id='word_1_335' title='bbox 1343 4424 1373 4486; x_wconf 87' lang='lat' dir='ltr'><strong>ll,</strong></span> <span class='ocrx_word' id='word_1_336' title='bbox 1393 4422 1417 4474; x_wconf 82' lang='lat' dir='ltr'><strong>ti.</strong></span> 
     </span>
    </p>
   </div>
   <div class='ocr_carea' id='block_1_7' title="bbox 0 0 1559 5138">
    <p class='ocr_par' dir='ltr' id='par_1_8' title="bbox 0 0 1559 5138">
     <span class='ocr_line' id='line_1_43' title="bbox 0 0 1559 5138; baseline 0 0"><span class='ocrx_word' id='word_1_337' title='bbox 0 0 1559 5138; x_wconf 95' lang='lat' dir='ltr'><strong> </strong></span> 
     </span>
    </p>
   </div>
  </div>
 </body>
</html>
