3082 5138
223 476 292 523 cnr.
305 462 360 548 1v.]
577 480 736 530 secutum
756 481 850 530 entes.

269 643 328 700 Sed
354 643 391 700 sit
415 642 569 699 elemosina
593 653 642 698 tua
666 642 693 698 in
717 642 866 714 absconso,
898 662 954 700 non
978 655 1089 700 tantum
1114 645 1141 700 in
1164 647 1213 703 ab·

225 731 356 790 scondito
380 732 454 803 loco,
476 741 614 804 qnantum
639 730 666 784 in
691 731 858 786 abscondito
882 731 1065 788 consciencie.
1092 732 1166 787 Nam
1191 734 1216 789 si

225 819 323 876 anima
347 818 423 874 inter
438 817 569 874 claustra
586 818 657 874 bone
673 817 829 873 uoluntatis
846 819 956 875 inclusa
972 819 1019 891 sit,
1043 820 1215 894 corporales

225 919 309 963 actus
331 916 449 963 nostros
471 905 650 961 abscondere
673 922 839 980 possumus,
873 906 900 961 si
921 918 1016 961 aretem
1041 907 1137 962 anima
1159 925 1215 982 per

200 998 317 1050 5vanas
339 1004 367 1050 et
390 991 490 1048 varias
512 992 708 1070 cogitaciones
720 992 817 1067 snerit
839 1004 975 1071 evagata,
1000 993 1071 1049 nihil
1091 995 1214 1069 prodest

225 1093 308 1138 actus
345 1080 516 1157 corporales
551 1079 739 1147 abscondere,
777 1081 842 1153 quia
875 1081 917 1136 sic
948 1081 1152 1137 abscondimus
1184 1093 1215 1136 nt

226 1168 353 1244 amplius
371 1166 560 1244 publicemus.

268 1256 308 1312 Et
332 1266 421 1331 pater
448 1266 514 1311 tuus
540 1255 590 1328 qni
617 1254 693 1309 videt
721 1254 749 1309 in
777 1255 945 1310 abscondito
975 1254 1077 1310 reddet
1107 1254 1159 1310 tibi
1185 1255 1356 1325 intnvsecret:
1374 1265 1421 1308 nnn

225 1343 390 1418 manifesto.
424 1342 495 1398 Vide
520 1342 586 1415 quia
609 1341 779 1397 absconsum
804 1342 912 1412 cordis,
947 1360 1001 1396 non
1026 1341 1083 1397 loci
1103 1341 1211 1420 signat.
1228 1317 1425 1424 ¹⁸p¹la¹ctehin⁸itii⁰¹

185 1450 215 1483 10
227 1431 307 1487 Dens
329 1429 403 1486 enim
428 1429 455 1485 in
484 1429 624 1484 absconso
647 1428 746 1484 cordis
769 1438 821 1499 est,
845 1447 900 1484 non
923 1428 951 1484 in
975 1429 1113 1485 absconso
1137 1430 1209 1485 loco.
1292 1423 1365 1466 ”⁰³1¹-

229 1517 391 1574 Considera
427 1527 522 1572 antem
561 1516 626 1591 qnia
664 1534 719 1571 non
756 1516 821 1572 ideo
859 1515 948 1571 voluit
987 1533 1038 1573 nos
1071 1516 1152 1573 Dens
1184 1517 1211 1572 in

225 1605 364 1661 absconso
379 1603 496 1679 facere,
520 1614 550 1658 ut
573 1622 628 1659 non
651 1615 794 1678 appareat
817 1620 889 1678 opus
912 1614 1053 1674 nostrum,
1085 1604 1212 1679 alioquin

225 1692 340 1768 quando
361 1690 444 1747 dicit:
470 1690 518 1746 Sic
534 1690 628 1746 luceat
645 1689 741 1746 lumen
759 1701 886 1747 vestrum
905 1703 935 1746 ut
951 1691 1066 1747 videant
1083 1691 1212 1748 homines

227 1797 317 1856 opera
345 1789 441 1834 restra
472 1788 499 1834 et
521 1777 708 1855 magnificent
727 1789 844 1853 patrem
869 1789 997 1835 uestrum
1022 1779 1071 1853 qni
1093 1778 1120 1833 in
1144 1779 1212 1835 celis

185 1871 278 1926 15est.
312 1865 371 1922 Sed
393 1876 424 1920 ut
447 1865 508 1940 ipse
530 1863 605 1922 illud
639 1865 781 1931 ostendat,
812 1884 877 1920 iram
909 1866 1033 1943 gracins
1055 1876 1097 1921 est
1129 1884 1213 1922 omne

225 1956 329 2010 bonum
353 1953 432 2028 quod
453 1971 471 2006 a
495 1952 575 2009 nobis
597 1952 785 2008 absconditur
808 1952 905 2008 aDeo
922 1964 1016 2008 autem
1035 1953 1213 2022 ostenditur,·

227 2059 293 2097 nam
323 2039 349 2096 si
376 2051 406 2095 tu
434 2050 462 2095 te
485 2038 577 2114 ipsum
603 2041 739 2095 ostendas
759 2041 847 2115 pauci
869 2052 935 2096 sunt
959 2040 1008 2114 qiei
1030 2051 1058 2096 te
1081 2039 1212 2110 laudant,

226 2129 258 2184 id
285 2138 336 2197 est,
374 2127 424 2202 qui
450 2144 505 2182 non
533 2126 699 2203 intelligunt
726 2128 802 2200 qnod
829 2139 859 2182 tn
889 2129 981 2183 latere
1005 2127 1134 2202 poteris,·
1165 2128 1214 2201 qni

226 2227 321 2271 antem
346 2210 500 2278 intellexit,
525 2213 670 2289 vituperat
693 2214 799 2291 magis,
829 2233 884 2271 non
913 2215 1031 2283 landat;
1064 2214 1089 2269 si
1116 2226 1211 2271 autem

183 2303 309 2359 aoDeus
332 2312 360 2357 te
382 2301 525 2370 ostendat,
558 2319 641 2356 nemo
665 2301 820 2376 vituperat,
853 2302 909 2357 nisi
922 2303 1010 2377 sorte
1033 2302 1137 2374 malus,
1167 2303 1213 2357 cni

228 2388 360 2465 displicet
397 2389 495 2444 bonus.
537 2387 716 2464 impossibile
753 2399 795 2445 est
833 2389 906 2444 enim
941 2400 969 2444 ut
1003 2389 1107 2445 bonnm
1140 2407 1212 2464 opus

228 2476 350 2533 hominis
378 2475 407 2531 in
434 2474 601 2531 abscondito
630 2475 756 2531 dimittat
780 2476 869 2544 Deus,
902 2478 953 2532 sed
980 2477 1008 2531 in
1032 2477 1086 2531 lioc
1113 2477 1211 2532 seculo

228 2563 397 2637 manifestat
420 2580 483 2618 eum
507 2572 534 2618 et
557 2563 584 2617 in
608 2562 658 2618 illo
681 2562 841 2639 glorificat,
865 2564 930 2637 qum
953 2563 1054 2640 gloria
1079 2564 1136 2619 Dei
1158 2574 1208 2622 est.

229 2651 308 2707 Sicut
336 2662 432 2707 autem
461 2667 533 2725 opus
560 2649 632 2705 mali
658 2650 781 2705 hominis
808 2651 847 2704 ad
874 2651 1002 2727 gloriam
1028 2650 1138 2706 diaboli
1158 2662 1210 2719 est,

187 2738 256 2794 25r‘n
288 2755 321 2794 eo
353 2737 427 2793 enim
462 2736 575 2793 malicie
607 2736 667 2792 eius
696 2736 789 2792 virtus
816 2738 988 2810 ostenditur,
1027 2738 1067 2793 sic
1090 2750 1117 2794 et
1140 2756 1213 2813 opus

229 2826 332 2881 bonum
356 2824 456 2902 gloria
473 2823 531 2880 Dei
552 2835 604 2893 est,
626 2824 654 2879 in
678 2843 711 2880 eo
734 2825 807 2880 enim
830 2824 936 2902 gracia
960 2825 1020 2881 eius
1041 2825 1211 2882 ostenditur.

230 2913 309 2968 Sicut
331 2930 406 2989 ergo
429 2911 562 2967 diabolus
583 2911 633 2986 qui
654 2912 791 2990 suggerit
815 2912 923 2968 malum
938 2912 1021 2988 fieri,
1046 2912 1107 2987 ipsc
1122 2912 1214 2968 mani-

223 3000 319 3075 sestat
335 2999 456 3068 malum,
479 3009 509 3055 ut
522 3008 605 3074 puta,
628 2997 689 3073 ipse
703 2999 841 3077 suggerit
864 3000 1042 3055 adulterium
1057 3001 1166 3074 facere
1188 3011 1214 3055 et

230 3087 290 3162 ipse
318 3086 486 3161 manifestat
513 3086 702 3158 adulterium,
735 3087 796 3163 ipse
817 3087 954 3165 suggerit
978 3087 1163 3143 homicidium
1188 3099 1214 3142 et

104 3234 113 3249 ,
188 3175 290 3249 3oipse
314 3173 444 3249 publicat
473 3172 669 3243 homicidium,
702 3175 743 3230 sic
768 3174 849 3230 Dens
876 3174 926 3249 qui
948 3174 998 3230 dat
1022 3174 1125 3230 bonnm
1142 3174 1217 3251 fieri
1232 3185 1425 3229 Got'srewaras

226 3261 356 3337 publicat
379 3261 589 3316 omnebonum
614 3261 642 3316 in
666 3261 830 3336 manifesto,
854 3262 885 3316 id
908 3272 958 3333 est,
983 3261 1011 3316 in
1033 3262 1131 3319 seculo
1154 3262 1215 3332 illo,
1239 3239 1425 3335 ἕξῃζξὲξῐᾞᾷῗξ

229 3348 295 3423 quia
323 3347 369 3403 tn'c
398 3365 510 3403 merces
532 3347 643 3403 iusticie
665 3348 823 3422 manifesta
847 3367 902 3406 non
923 3359 1018 3424 potest
1042 3368 1113 3418 esse,
1142 3361 1215 3425 puta

225 3454 284 3511 pro
311 3435 385 3490 bono
412 3452 509 3510 opere,
541 3434 568 3490 si
593 3446 621 3490 te
640 3435 751 3508 secerit
779 3436 895 3491 divitem
924 3435 1057 3510 quoniam
1087 3436 1133 3491 liic
1160 3455 1215 3492 non

229 3523 322 3579 solnm
355 3521 422 3577 boni
451 3522 504 3578 sed
534 3521 624 3577 eciam
658 3522 729 3577 mali
756 3522 860 3579 divites
886 3533 961 3594 sunt,
996 3523 1092 3601 magis
1119 3535 1215 3580 antem

188 3609 302 3665 [bimuli
334 3627 420 3684 quam
453 3608 529 3680 boni,
562 3609 626 3664 ideo
658 3627 770 3665 merces
801 3610 912 3666 iusticie
939 3610 967 3666 in
996 3610 1132 3667 divitibus
1160 3630 1215 3667 non

229 3707 364 3772 apparet,
387 3696 415 3752 si
435 3695 488 3751 tibi
509 3695 667 3752 tradiderit
681 3696 765 3772 filios
789 3708 815 3753 et
828 3697 914 3773 filias
937 3714 1048 3768 eorum,
1072 3698 1163 3754 eciam
1187 3699 1215 3754 in

230 3783 286 3840 ltiis
313 3783 395 3840 bonis
417 3783 616 3859 indifferenter
638 3783 705 3839 boni
727 3795 754 3840 et
777 3785 853 3839 mali
875 3785 1069 3856 inueniuntur,
1100 3796 1127 3841 et
1151 3786 1215 3842 ideo

230 3869 341 3927 iusticie
351 3887 462 3927 merces
472 3888 527 3926 non
536 3881 632 3946 potest
642 3887 704 3927 esse
714 3871 879 3946 manifesta,
889 3883 916 3927 et
927 3890 1010 3928 omne
1020 3873 1124 3928 bonnm
1139 3873 1216 3947 quod

230 3967 273 4015 est
295 3957 323 4013 in
347 3958 402 4014 boc
424 3958 521 4014 seculo
544 3957 737 4015 desiderabile
759 3958 835 4014 inter
857 3959 945 4016 bonos
969 3970 995 4016 et
1019 3961 1113 4016 malos
1136 3978 1214 4016 com-

186 4063 316 4113 40mune
337 4054 391 4116 est,
415 4043 480 4101 ideo
502 4044 631 4102 sibonis
654 4045 753 4101 datum
769 4046 878 4121 suerit,
902 4065 957 4103 non
974 4058 1115 4123 apparet,·
1138 4046 1216 4103 illius

281 4266 302 4305 s».
311 4265 345 4307 A:
355 4263 480 4308 considera
489 4265 658 4316 initurantem.
706 4266 736 4308 18.
745 4267 779 4309 A:
785 4267 898 4320 potueris.
947 4277 980 4309 22.
989 4267 1010 4309 Α
1018 4267 1041 4309 in
1051 4278 1136 4319 maran
1147 4266 1214 4310 Nota.

230 4313 262 4359 33.
273 4314 625 4374 Coddnstteseritdimlttere.
679 4315 714 4372 34.
729 4319 763 4363 A:
778 4322 853 4362 antem
868 4320 941 4363 twice.
995 4318 1031 4362 36.
1043 4320 1075 4362 A:
1092 4319 1135 4361 tibi
1143 4319 1215 4362 deest.

285 4426 322 4477 13.
343 4423 434 4476 Matth.
452 4425 485 4490 V,
507 4423 544 4476 16.
