3082 5138
248 1268 327 1311 Hence
342 1267 357 1308 it
372 1277 425 1319 may

235 1322 263 1363 be
277 1321 338 1374 rigbt
352 1326 376 1359 to
387 1319 444 1369 keep

235 1387 248 1415 a
263 1385 315 1416 man
330 1377 372 1412 out
386 1371 437 1412 ola

284 1427 391 1467 benefice.

242 2749 287 2792 We
302 2750 386 2792 should
402 2749 444 2791 call

255 2815 318 2857 upon
334 2803 434 2857 prelates

256 2865 280 2898 to
296 2855 379 2898 render
393 2854 438 2896 due

301 2909 398 2950 service.

764 481 856 530 orus
874 482 1126 533 missaticus
1274 464 1359 548 [cae.
1383 473 1451 518 su·-

450 663 558 719 penam
584 641 792 716 pecuniariam
817 643 875 698 nisi
901 643 956 717 ipsi
981 643 1115 718 episcopi
1134 642 1325 700 reddiderint
1344 640 1450 697 maius

450 732 584 788 debitum
619 728 675 802 legi
701 729 772 791 Dei:
809 750 869 785 non
899 744 1001 787 tamen
1031 731 1191 788 intendunt
1221 730 1377 803 extirpare
1408 729 1450 783 ab

450 820 492 876 eis
520 836 629 892 penam
660 816 751 872 seculi
783 819 828 872 rel
860 817 967 873 inferni
992 821 1043 874 sed
1069 819 1228 875 intendunt
1254 820 1329 873 dare
1354 833 1447 871 occa-

451 907 577 975 sionem,
611 916 644 959 ut
674 906 711 959 ad
736 923 824 959 suum
852 905 993 960 meritum
1020 905 1171 962 exsolvant
1196 905 1334 960 debitum
1361 902 1449 976 quod

452 994 494 1051 sic
519 996 636 1048 debent.
662 994 698 1046 Et
723 1011 791 1047 cum
817 993 869 1048 tali
894 993 1100 1048 moderamine
1116 994 1234 1049 ridetur
1252 990 1476 1065 Augustinusi

453 1081 552 1138 dicere
580 1080 661 1153 quod
690 1079 825 1134 debitum
856 1080 986 1154 pecunie
1015 1093 1058 1135 est
1087 1083 1255 1136 secundum
1283 1081 1366 1152 leges
1392 1079 1449 1132 ho-

455 1169 568 1223 minum
595 1165 785 1239 exigendum.

498 1259 534 1310 Et
559 1252 744 1309 sentenciam
771 1252 859 1308 istam
885 1253 1053 1310 recolerent
1077 1253 1173 1310 nostri
1192 1273 1279 1328 pape.
1306 1251 1449 1326 episcopi

455 1343 500 1398 rel
524 1340 623 1397 clerici
654 1342 881 1409 contendentes,
907 1342 977 1414 quia
1002 1355 1126 1415 pensata
1151 1343 1216 1414 lege
1238 1340 1363 1398 Domini
1389 1357 1449 1395 nec

454 1448 531 1485 unus
556 1447 633 1502 papa
658 1429 819 1484 excludens
843 1427 992 1500 reliquum
1017 1430 1054 1484 de
1078 1429 1211 1502 prelacia
1234 1447 1327 1502 quam
1354 1426 1449 1499 exigit
1466 1444 1497 1475 ro

455 1535 509 1573 nec
538 1535 616 1570 unus
645 1514 772 1571 clericus
802 1516 962 1571 excludens
985 1516 1133 1590 reliquum
1160 1517 1196 1570 de
1221 1514 1373 1571 beneficio
1399 1532 1449 1569 ec-

455 1603 624 1660 clesiastico
648 1604 730 1676 quod
748 1604 885 1675 adoptat,
911 1602 981 1658 facit
1000 1603 1029 1658 in
1048 1605 1103 1659 hoc
1120 1603 1175 1659 sibi
1192 1602 1349 1665 iniuriam,
1375 1619 1449 1656 cum

454 1691 492 1747 sit
516 1690 546 1747 in
571 1691 628 1746 boc
651 1689 725 1762 legis
751 1689 804 1745 Dei
830 1689 1018 1746 adversarius
1043 1705 1071 1746 et
1095 1709 1148 1764 per
1170 1708 1364 1765 consequens
1388 1687 1450 1744 sibi

456 1780 492 1834 de
516 1779 580 1850 lege
605 1776 727 1833 Domini
753 1796 814 1833 non
839 1780 974 1833 debetur.

499 1867 540 1920 Ex
572 1883 634 1938 quo
669 1863 851 1920 convincunt
884 1863 1008 1938 quidam
1041 1863 1166 1919 ulterius
1198 1865 1279 1937 quod
1315 1863 1497 1935 uterque15

455 1971 545 2026 papa,
574 1971 643 2007 cum
669 1964 788 2007 tantum
813 1970 844 2007 se
868 1951 961 2025 gratis
984 1950 1098 2024 obligat
1120 1951 1246 2024 singulis
1271 1949 1451 2006 christianis

456 2041 537 2113 quod
562 2038 599 2095 sit
621 2058 726 2095 servus
749 2057 903 2094 servorum
921 2039 979 2093 Dei
994 2051 1022 2094 et
1040 2057 1092 2111 per
1110 2057 1298 2113 consequens
1320 2037 1451 2093 racione

459 2126 581 2183 maioris
605 2124 775 2182 carismatis
800 2125 910 2199 recepti
936 2125 1113 2187 aDomino,
1139 2140 1171 2180 ut
1189 2125 1285 2199 magis
1302 2124 1450 2199 proficiat

457 2214 583 2270 ecclesie
620 2212 772 2271 militanti.
805 2212 932 2269 incurrit
963 2212 1059 2268 maius
1088 2213 1222 2268 debitum
1254 2214 1357 2286 quoad
1390 2211 1448 2267 Dei

458 2301 552 2357 nostri
586 2300 731 2356 iudicium
766 2301 823 2356 hoc
855 2300 1008 2357 omittens.
1049 2299 1099 2356 Ille
1134 2318 1206 2373 ergo
1239 2300 1291 2375 qui
1323 2313 1370 2356 est
1403 2299 1497 2354 in·20

458 2387 622 2461 dispositus
654 2387 697 2442 sic
725 2387 826 2443 dicere
853 2387 1028 2442 oracionem
1058 2386 1244 2443 dominicam
1278 2401 1323 2443 est
1354 2386 1449 2444 nimis

459 2474 656 2548 indispositus
696 2473 798 2530 iuvare
836 2493 906 2530 suos
944 2473 1082 2530 subditos
1120 2477 1157 2531 de
1195 2474 1256 2530 alio
1289 2474 1449 2531 adiutorio

459 2561 620 2635 spirituali.
646 2562 736 2616 Tales
761 2562 862 2634 itaque
887 2560 1058 2617 evidencias
1082 2563 1190 2617 debent
1214 2561 1327 2617 subditi
1346 2563 1450 2617 facere

459 2648 521 2705 suis
552 2647 677 2722 prelatis
710 2647 874 2716 humiliter,
907 2661 939 2704 ut
970 2648 1016 2704 rel
1048 2647 1091 2704 sic
1119 2648 1288 2722 cogitantes
1316 2651 1354 2704 de
1383 2649 1451 2720 lege

462 2735 582 2792 Domini
608 2749 669 2791 tam
695 2734 750 2790 sibi
776 2734 847 2808 ipsis
864 2736 1053 2792 benefaciant
1070 2755 1160 2808 quam
1184 2735 1342 2795 subiectis:
1365 2749 1394 2791 et
1412 2734 1497 2790 der}

462 2823 520 2880 isto
544 2821 692 2896 spirituali
718 2822 821 2878 debito
845 2824 954 2878 debent
979 2823 1081 2878 fideles
1106 2836 1134 2878 et
1156 2823 1256 2879 clerici
1274 2822 1451 2897 specialiter

463 2911 561 2966 lacere
578 2909 769 2964 mencionem
787 2924 816 2965 et
833 2925 893 2965 tam
914 2911 942 2965 in
960 2909 1225 2983 predicacionibus
1242 2930 1333 2983 quam
1349 2910 1449 2966 eciam

462 2997 492 3053 in
517 2996 578 3052 suis
602 2996 797 3052 oracionibus
822 2997 1009 3053 effectualem
1035 3015 1219 3067 sermonem,
1253 3012 1284 3052 ut
1310 2998 1450 3053 militans

462 3083 588 3140 ecclesia
625 3084 803 3157 corrigatur,
849 3085 920 3158 quia
955 3099 1070 3140 tantum
1105 3098 1148 3140 est
1183 3085 1308 3140 ecclesia
1342 3086 1450 3140 dedita

463 3170 660 3227 mortificanti
689 3171 817 3244 pecunie
847 3173 928 3245 quod
953 3191 1014 3228 non
1039 3174 1188 3245 ponderat
1214 3171 1337 3245 aliquod
1364 3171 1500 3226 debiliu

462 3272 525 3314 tum
557 3272 658 3331 preter
686 3257 778 3319 illud:
812 3273 839 3314 et
868 3259 1031 3332 utrobique
1062 3260 1104 3314 lex
1135 3258 1255 3314 Domini
1285 3258 1451 3314 inlideliter

462 3359 506 3401 est
530 3345 676 3409 extincta;
701 3347 738 3400 ad
764 3360 881 3401 tantum
907 3346 985 3401 enim
1012 3345 1124 3402 cecavit
1147 3345 1283 3420 sophista
1307 3347 1451 3402 diabolus

463 3432 625 3488 militantes
653 3450 721 3487 cum
752 3432 999 3489 excusacionibus
1024 3433 1053 3488 in
1081 3433 1212 3506 peccatis
1236 3436 1316 3507 quod
1343 3433 1451 3488 dicunt

462 3538 494 3575 se
517 3538 684 3593 numquam
710 3519 855 3592 placitare
878 3540 933 3593 pro
950 3520 1053 3576 debito
1070 3520 1232 3594 temporali
1250 3520 1306 3576 nisi
1324 3523 1451 3595 quando

463 3605 608 3680 placitant
633 3625 688 3679 pro
712 3608 792 3664 bono
817 3622 844 3663 et
862 3607 1010 3680 spirituali
1029 3607 1181 3664 iuvamine
1198 3607 1352 3669 debitoris,
1377 3608 1451 3682 quia
1464 3604 1497 3655 35

462 3707 496 3748 ut
529 3695 609 3766 apud
636 3696 731 3748 Deum
768 3696 804 3750 de
834 3695 936 3750 debito
965 3709 1132 3751 excusetur.
1172 3697 1231 3751 Sed
1261 3709 1358 3751 totum
1391 3697 1451 3751 hoc

463 3780 619 3853 sophisma
643 3793 687 3835 est
711 3782 799 3853 plana
826 3781 925 3837 illusio
949 3782 1026 3837 sicut
1057 3782 1247 3838 mendacium
1282 3802 1344 3857 quo
1374 3802 1451 3856 pug-

464 3881 572 3923 nantes
610 3868 727 3940 fingunt
766 3887 797 3924 se
831 3882 955 3942 propter
987 3872 1099 3925 bonum
1137 3869 1280 3939 bostium,
1315 3869 1387 3943 quia
1417 3882 1451 3924 ut

464 3956 611 4010 reducant
634 3954 717 4028 ipsos
738 3957 775 4011 ad
792 3955 994 4012 humilitatem
1021 3970 1049 4013 et
1072 3956 1301 4013 observanciam
1321 3956 1451 4027 iusticie,

463 4041 506 4098 sic
535 4061 679 4115 pugnare.
715 4044 838 4098 Certum
869 4042 992 4118 quidem
1017 4057 1061 4100 est
1086 4046 1168 4118 quod
1193 4058 1331 4100 scrutans
1355 4047 1501 4103 corda40

516 4334 536 4363 2.
561 4322 589 4364 D:
615 4323 669 4374 Iege
689 4321 740 4363 Dei.
819 4323 841 4364 ti.
858 4324 892 4365 A:
911 4334 958 4365 non
973 4326 1153 4367 esrsecumtum.
1235 4336 1267 4369 ιο.
1288 4325 1316 4367 B:
1333 4323 1452 4367 inanis:

465 4375 548 4416 inanis.
631 4386 662 4427 ¹9·
686 4386 721 4416 20.
745 4377 779 4416 A:
805 4377 869 4428 quod
890 4377 1017 4417 ariminium
1041 4377 1161 4419 iudicium.
1242 4374 1277 4420 iu.
1301 4381 1336 4420 A:
1360 4379 1452 4421 debetis.

465 4426 499 4468 28.
515 4429 548 4468 A:
563 4424 716 4481 affectualem.
