3030 5124
209 496 351 580 cvr-xx]
571 518 730 568 securum
750 520 845 569 raus.
1002 528 1006 533 ·
1352 507 1409 562 315

208 679 311 734 scilicet
325 677 410 754 gula,
426 677 557 732 avaricia
574 688 600 733 et
619 696 691 733 vana
707 680 817 755 gloria,
836 681 1043 754 adversusque
1059 681 1192 736 dovriinus
1242 688 1292 731 The
1308 689 1371 749 three

209 765 405 840 ternptacionis
428 765 585 840 suscipiens
609 765 714 822 bellum
728 767 874 842 pugnavit
894 785 952 842 pro
976 767 1065 823 nobis.
1090 779 1191 822 contra
1223 741 1391 849 fflfflffil}

207 854 304 930 gulam
323 853 351 907 iu
369 852 497 923 heremo,
518 864 619 908 contra
641 854 801 909 avariciam
823 872 912 929 super
934 866 1067 923 rimulam,
1089 867 1190 909 contra
1234 845 1386 953 ξζζιξῑὲῗοξξᾶ

209 960 308 996 vanam
332 939 464 1018 gloriam
487 958 577 1015 super
599 941 747 1016 templum.
784 942 863 1009 Item,
894 941 1020 996 <sitarcium
1050 942 1252 996 bonorumTtie
1267 950 1330 991 three
1345 932 1402 997 be'st.

190 1029 199 1078 5
205 1029 300 1102 prima
340 1040 367 1082 et
397 1027 538 1101 sorciora
576 1040 643 1083 sunt
674 1029 730 1083 tria
769 1029 842 1084 boim
881 1029 988 1084 scilicet
1026 1029 1192 1095 elemosina,
1224 1002 1391 1109 “iff’sffilff'

209 1117 304 1172 oracio
329 1127 356 1170 et
379 1114 525 1174 ieiunium.
548 1113 588 1169 Et
611 1115 677 1170 iriae
699 1116 843 1191 qittnnodo
867 1117 1009 1172 adversus
1033 1117 1090 1171 tria
1114 1117 1192 1171 mala

209 1203 317 1259 inventa
333 1213 401 1257 suut
417 1201 474 1256 tria
491 1202 575 1269 borea,
595 1203 704 1258 scilicet
724 1203 879 1259 elemosina
903 1216 1004 1258 contra
1020 1203 1192 1273 avariciam,

209 1289 339 1346 ieiunium
372 1301 474 1344 contra
505 1289 618 1366 gulam.
653 1290 751 1346 oracio
784 1302 886 1346 contra
915 1309 1019 1345 vanam
1051 1291 1193 1367 gloriam.

209 1377 261 1434 Dic
285 1377 382 1432 uobis:
412 1376 489 1432 Ecce
512 1376 645 1433 ieiunium
675 1389 777 1432 contra
800 1377 903 1454 gulam
929 1378 1014 1449 venit,
1037 1378 1104 1452 quia
1128 1396 1194 1433 ccm-

177 1465 329 1520 10trarimn
347 1475 389 1519 est
406 1464 539 1519 ieiunium
563 1463 643 1541 gule,
667 1476 694 1519 et
717 1465 873 1521 elemosina
891 1476 992 1520 contra
1009 1465 1169 1520 avariciam
1189 1462 1191 1467 ’

110 1550 186 1616 387‘
208 1552 345 1621 convenit,
392 1552 458 1625 qnia
500 1551 631 1607 avaricia
676 1564 851 1629 congregat,
898 1552 1053 1608 elemosina
1098 1563 1193 1607 aretem

209 1639 360 1716 dispergit.
399 1638 508 1694 Oracio
540 1651 635 1694 autem
668 1639 812 1715 quonmalo
847 1639 979 1696 convenit
1017 1641 1056 1694 ad
1088 1658 1193 1694 vanam

205 1725 359 1803 gloriam?
381 1725 489 1781 Audis:
514 1725 617 1781 Omnia
641 1727 719 1782 mala
742 1745 796 1802 que
819 1738 885 1783 sient
908 1727 936 1782 iu
960 1728 1067 1782 rriicndo
1091 1726 1194 1782 habeut

207 1814 356 1870 contraria
389 1814 463 1869 bona
492 1831 549 1889 per
581 1831 635 1888 que
662 1824 845 1889 superentur,
875 1826 905 1869 nt
929 1825 1001 1888 puta
1023 1813 1193 1887 sornicacio

162 1902 192 1951 15
205 1901 377 1972 castitatem,
401 1901 536 1975 superbia
553 1900 754 1970 lnonilitatem,
776 1901 930 1956 iracundia
946 1901 1192 1956 mansuetudinem

206 2001 232 2044 et
248 1988 358 2044 tirellum
381 2000 423 2043 est
443 1988 552 2044 malum
570 1989 648 2062 quod
668 2008 723 2044 non
747 1988 851 2044 habeat
874 1989 1053 2044 contrarium
1078 1988 1191 2044 borium.

207 2076 306 2131 Solum
331 2075 441 2131 malum
466 2093 540 2130 vaue
564 2075 664 2151 glorie
691 2094 746 2130 non
775 2075 860 2131 ltabet
883 2075 1062 2131 contrarium
1087 2075 1191 2130 boman

201 2182 259 2238 per
288 2164 368 2238 quod
394 2173 558 2238 superetur.
593 2163 661 2217 Ideo
685 2162 837 2238 quantavis
865 2163 938 2218 bona
954 2163 1068 2237 seceris
1093 2163 1192 2218 voleus
1209 2166 1298 2226 spectu
1315 2167 1402 2237 danger

208 2268 390 2326 compescere
414 2269 518 2305 stanam
541 2249 684 2327 gloriam,
709 2260 788 2304 tanto
812 2250 909 2327 magis
933 2250 1045 2305 excitas
1068 2268 1141 2309 eam.
1164 2261 1190 2304 et
1215 2219 1395 2331 ⁰iiiii¹¹1liiii¹

139 2339 192 2377 ²0
208 2355 293 2393 causa
318 2349 360 2393 est
383 2338 438 2393 ista
455 2337 532 2411 quod
555 2355 639 2392 omne
661 2336 770 2392 malum
795 2354 834 2393 ex
857 2338 935 2392 rrealo
958 2338 1105 2401 concitem,-
1127 2336 1189 2391 sola
1221 2323 1389 2429 ξ’ὲῌξῐξέξᾞζὸξ]

207 2436 298 2480 antem
322 2443 396 2479 viana
415 2424 515 2501 gloria
534 2424 658 2480 debono
679 2424 829 2500 procedit:
852 2423 918 2480 ideo
935 2443 989 2479 non
1006 2424 1191 2501 extinguitur
1269 2428 1339 2481 80⁰³·

205 2529 258 2585 per
280 2513 397 2579 honum,
424 2512 477 2566 sed
505 2512 602 2589 »veagis
625 2511 762 2566 nutritur.
799 2512 930 2587 Denique
957 2512 1032 2566 iuter
1061 2511 1191 2566 liomines

203 2610 373 2673 peccatores
410 2599 564 2673 temptacio
607 2617 680 2654 vane
721 2599 820 2676 glorie
862 2618 917 2654 mm
961 2599 1043 2654 habet
1086 2598 1189 2653 locum.

207 2686 398 2741 Fornicarius
435 2685 508 2741 enim
538 2697 588 2741 ant
622 2697 725 2761 raptor
752 2687 896 2760 qtccmuulo
929 2697 1085 2760 temptetur
1118 2704 1191 2740 ruina

134 2765 302 2848 ²5gloria
332 2774 381 2847 qui
411 2792 466 2829 non
494 2773 578 2828 ltabet
607 2775 682 2828 stride
708 2773 873 2848 glorietur,·
905 2773 949 2828 illi
974 2784 1069 2827 autem
1099 2782 1191 2847 temp-

207 2862 345 2916 tacionem
398 2878 471 2916 vane
520 2860 618 2936 glorie
665 2860 824 2934 paciuntur
880 2861 929 2934 qm
979 2861 1037 2915 tale
1082 2859 1193 2933 aliquid

200 2949 326 3020 jaciunt,
352 2949 427 3002 unde
449 2947 632 3024 glorientur:
663 2947 757 3023 igitur
780 2949 891 3002 nullum
917 2947 1075 3002 remedium
1097 2957 1192 3021 potest

207 3053 266 3090 esse
296 3046 399 3090 contra
439 3053 543 3089 vanam
580 3035 710 3111 gloriam
750 3035 805 3090 nisi
836 3035 934 3089 oracio
966 3034 1040 3099 sola,
1077 3044 1103 3089 et
1142 3035 1192 3089 liec

206 3122 266 3196 ipsa
296 3123 452 3178 vertitatem
484 3133 609 3199 generat
642 3122 696 3176 nisi
722 3134 805 3178 caute
834 3121 1035 3196 prospexeris,
1068 3121 1094 3176 si
1125 3121 1193 3176 lreue

136 3197 348 3266 300raverts.

248 3297 314 3351 Alia
339 3296 442 3351 divisio
466 3296 494 3351 in
519 3297 584 3372 lege
606 3296 716 3370 scripta
746 3308 803 3351 est:
833 3297 897 3351 Non
922 3296 1012 3351 intres
1035 3306 1102 3349 aute
1124 3313 1190 3348 cou-

206 3396 333 3458 spectum
364 3384 485 3439 Domini
511 3384 568 3439 Dei
599 3384 641 3437 tui
673 3402 787 3439 vacuus.
826 3385 938 3439 Vacuus
971 3393 1066 3437 autem
1102 3382 1191 3435 intrat

206 3483 270 3526 ante
296 3473 388 3526 Deum
413 3470 462 3545 qni
479 3472 593 3526 veniens
616 3472 655 3525 ad
679 3471 841 3525 oracionem
860 3472 969 3524 riullam
988 3472 1189 3546 elemosvuam

199 3560 284 3632 facit.
313 3559 377 3615 Non
401 3558 495 3612 solum
520 3559 548 3612 in
573 3558 666 3613 veteri
687 3569 856 3612 testamenta
880 3559 931 3612 sed
952 3558 1041 3612 eciam
1066 3556 1093 3610 iu
1118 3575 1191 3611 novo

151 3638 196 3694 35
205 3647 376 3720 precipitur,
406 3657 435 3700 nt
457 3664 514 3720 per
540 3645 673 3721 singulas
700 3645 875 3719 septimanas
900 3645 1090 3717 centesquisque
1113 3644 1190 3698 cliri-

207 3734 317 3789 stianus
341 3734 445 3807 aliquis
469 3735 496 3787 in
520 3732 725 3811 gagofilacium
751 3732 845 3786 mittat
874 3733 913 3786 ad
936 3731 1099 3787 oracionem
1126 3749 1191 3784 ven-

209 3831 298 3886 turus,
332 3821 405 3876 sicut
438 3821 478 3873 ait
517 3819 689 3895 Apostolus:
735 3819 934 3893 literisquisque
973 3829 1100 3873 vestrum
1136 3835 1192 3892 per

207 3909 322 3984 singula
350 3908 470 3963 sabbata
499 3908 577 3981 qicod
604 3907 649 3961 illi
672 3907 817 3983 placuerit
841 3908 920 3982 apud
942 3926 973 3962 se
997 3915 1128 3980 reponat,
1162 3915 1191 3958 ut

209 4014 261 4050 non
285 4014 349 4051 cnm
375 4014 479 4051 venero
504 4006 570 4050 tunc
594 3995 714 4050 collecta
735 3995 797 4067 fiat.

258 4282 287 4319 is.
304 4279 336 4320 A:
351 4279 412 4320 bona
427 4278 494 4320 tona.
550 4289 581 4319 io.
594 4279 613 4320 Α
625 4278 647 4319 io
660 4288 709 4318 mac
728 4290 745 4316 .:
761 4273 1054 4335 Notoquodvnnagtoria
1066 4271 1190 4314 nonhabet

209 4331 356 4373 comrarium.
412 4328 441 4373 31.
457 4332 477 4373 Α
493 4331 515 4371 ἰη
531 4342 618 4381 marg:
634 4342 651 4370 1.
705 4287 740 4371 lii.
758 4328 786 4368 tt:
800 4326 995 4382 gosoplulacium.

259 4458 298 4507 31.
317 4457 402 4507 Exod.
421 4456 510 4515 xxm,
531 4455 571 4504 25.
644 4456 683 4519 37.
704 4455 720 4502 l.
741 4453 801 4502 Cor.
821 4453 887 4513 XVI,
908 4467 930 4500 2.
