3082 5138
681 458 785 533 ‘oeus
803 457 1057 508 nvnnofflcnn
1228 437 1377 523 [cem

389 620 532 676 mercede.
573 620 609 675 llt
633 638 706 697 ergo
734 619 796 694 quis
815 631 941 696 propter
967 619 1177 694 blasphemiam
1206 618 1245 674 sit
1266 619 1377 688 beatus,

390 708 447 763 duo
472 709 522 763 ltec
546 708 698 764 cotinenire
721 707 830 776 debent,
854 718 884 761 ut
907 718 933 763 et
957 706 1136 762 mendaciter
1160 706 1380 782 blasphemetur

390 805 417 851 et
450 807 575 871 propter
599 796 702 850 lteum.
735 794 867 868 Alioquin
899 795 926 849 si
952 813 1040 849 unum
1065 793 1205 868 desuerit,
1235 793 1294 848 iam
1321 811 1378 848 tton

391 894 434 937 est
473 882 657 938 beatitudinis
694 898 815 952 merces,
852 893 882 936 ut
911 892 994 956 puta,
1031 881 1058 937 si
1088 881 1158 956 quid
1195 879 1308 936 dixerit
1344 880 1381 935 de

393 980 421 1025 te
443 970 521 1043 quod
548 981 590 1026 est
618 980 702 1044 turpe
724 969 915 1039 mendacium,
947 969 1000 1023 sed
1027 986 1082 1023 non
1107 979 1235 1044 propter
1261 972 1404 1024 causamfi

394 1053 460 1124 Dei,
489 1058 541 1112 sed
565 1060 691 1132 propter
713 1056 860 1131 priuatam
889 1056 1016 1131 aliquam
1049 1055 1232 1111 inimiciciam
1266 1055 1384 1122 dolens;

394 1143 444 1199 ille
460 1144 573 1218 quidem
588 1143 728 1218 peccavit,
745 1154 775 1197 tu
791 1155 886 1199 autem
903 1143 1066 1198 mercedem
1084 1141 1196 1198 iusticie
1211 1161 1267 1197 non
1284 1142 1382 1207 babes,

394 1230 537 1305 nisisorte
552 1249 616 1286 cnm
628 1229 723 1306 possis
740 1230 951 1305 blasphemare,
969 1249 1023 1285 non
1040 1230 1251 1305 blasphemasti
1256 1240 1384 1305 propter

394 1317 536 1373 iusticiam
562 1317 627 1385 Dei,
655 1329 703 1371 aut
727 1334 790 1372 cum
811 1317 908 1392 possis
931 1328 958 1372 te
982 1316 1176 1388 revindicare,
1205 1335 1262 1372 non
1286 1316 1382 1372 reuin·
1445 1332 1448 1339 ·

396 1405 515 1473 dicasti,·
537 1416 564 1460 et
587 1416 654 1460 tunc
677 1404 775 1459 beatus
798 1422 828 1460 cs
851 1415 877 1459 et
900 1422 987 1460 causa
1008 1404 1128 1479 privata
1143 1404 1232 1479 jacta
1261 1415 1305 1460 est
1332 1403 1384 1458 tibi
1397 1426 1425 1460 to

396 1510 484 1549 cansa
513 1491 578 1547 Dei.
617 1491 704 1559 Quod
730 1492 755 1546 si
778 1503 903 1567 propter
931 1509 1048 1546 causam
1077 1490 1192 1566 quidem
1221 1490 1280 1547 Dei
1305 1490 1382 1546 blas·

393 1580 549 1656 pltetnatns
565 1596 604 1645 es,
628 1596 691 1634 cum
712 1579 819 1633 malum
837 1579 914 1653 quod
930 1578 1038 1633 dictum
1055 1589 1098 1633 est
1114 1580 1150 1633 de
1166 1589 1193 1634 te
1210 1596 1312 1649 nerum
1328 1589 1386 1633 est:

398 1685 452 1721 non
486 1684 516 1722 es
547 1666 655 1733 beatus,
689 1665 753 1740 qnia
783 1684 882 1720 uerum
911 1677 953 1721 est
982 1665 1090 1720 dictum
1120 1665 1155 1720 de
1183 1676 1219 1721 te.
1260 1665 1299 1720 Et
1334 1664 1385 1720 illa

397 1752 576 1828 blasphemia
590 1752 716 1828 pertinet
739 1752 790 1807 tibi
811 1770 865 1808 non
889 1754 929 1807 ad
951 1754 1114 1808 mercedem
1138 1752 1250 1809 iusticie
1272 1752 1325 1808 sed
1347 1752 1387 1806 ad

400 1840 554 1896 vindictam
585 1839 705 1917 peccati.
747 1839 813 1895 ldeo
842 1851 994 1914 utrumque
1018 1839 1133 1914 posuit:
1160 1850 1188 1895 et
1215 1839 1428 1899 mencientes&

399 1938 426 1982 et
447 1938 572 2002 propter
595 1945 649 1984 me.

446 2014 586 2070 Gaudete.
620 2013 742 2083 Quare?
779 2013 853 2081 Quia
887 2032 998 2070 merces
1032 2025 1129 2070 uestra
1163 2015 1254 2069 multa
1284 2025 1328 2070 est
1360 2014 1388 2068 in

399 2102 477 2157 celis.
503 2101 667 2157 Ponderate
689 2100 887 2174 confusionem
912 2112 1060 2157 terrenam
1086 2119 1150 2157 cum
1167 2101 1267 2178 gloria
1291 2100 1392 2157 celesti

400 2201 428 2244 ct
457 2189 549 2244 ridete
575 2189 601 2244 si
627 2207 682 2243 non
711 2189 800 2243 multo
830 2189 920 2244 leuius
954 2199 996 2244 est
1026 2189 1105 2262 quod
1134 2187 1272 2264 patimini
1300 2206 1391 2264 super

400 2288 512 2333 terram
536 2293 621 2349 quant
646 2275 721 2348 quod
744 2275 904 2350 expectatis
932 2275 959 2330 in
988 2275 1067 2331 celis.
1101 2276 1160 2331 Sed
1183 2277 1271 2349 sorte
1303 2275 1433 2334 dicis:20

406 2364 478 2431 Quis
502 2374 599 2438 potest
628 2362 844 2438 blasphematus
872 2363 1050 2419 mendaciter
1078 2381 1133 2419 non
1162 2362 1225 2419 dico
1257 2364 1392 2440 gaudere

400 2452 453 2507 sed
481 2450 527 2507 nel
552 2449 781 2527 magnanimiter
795 2449 909 2524 serre?
945 2450 1081 2525 Quisquis
1110 2469 1183 2506 uana
1211 2450 1312 2528 gloria
1336 2468 1391 2505 non

402 2539 572 2594 delectatur.
598 2536 657 2605 Qui
671 2536 744 2592 enim
762 2537 936 2613 concupiscit
949 2556 1000 2612 que
1016 2549 1082 2593 sunt
1099 2538 1126 2593 in
1143 2539 1213 2611 celo,
1230 2537 1391 2615 opprobria

401 2642 456 2679 non
480 2625 560 2680 timet
583 2624 610 2678 in
634 2623 732 2680 terris.
759 2624 818 2680 Nec
842 2625 972 2700 cogitant
989 2625 1057 2698 quid
1081 2625 1236 2700 loquentur
1259 2623 1391 2680 ltontines

397 2721 523 2786 propter
546 2711 650 2785 ipsum,
674 2711 725 2766 sed
748 2712 817 2785 quid
839 2711 944 2767 indicet
967 2711 1049 2766 Deus
1073 2712 1108 2766 de
1136 2712 1196 2769 illo.
1235 2712 1295 2780 Qui
1316 2711 1433 2770 enim25

402 2797 510 2854 letatur
542 2798 578 2851 de
609 2797 695 2851 laude
726 2797 873 2852 ltominum
908 2808 934 2853 et
967 2807 1103 2872 quantum
1137 2798 1247 2853 letatur
1278 2809 1391 2853 tantum

402 2883 594 2939 contristatur
625 2883 673 2940 ille
707 2884 743 2939 de
775 2884 917 2958 vituperio
950 2884 1114 2952 hominum;
1150 2886 1200 2960 qui
1225 2896 1321 2941 autem
1356 2886 1392 2941 dc

403 2970 489 3025 laude
512 2969 658 3025 ltotninntn
683 2989 738 3025 non
762 2970 917 3026 extollitur
940 2988 990 3025 nec
1012 2971 1047 3026 de
1065 2971 1280 3047 uituperacione
1298 2972 1392 3028 ltttnti·

403 3057 501 3112 liatur.
538 3058 736 3133 Unusquisque
769 3058 816 3113 ttbi
842 3057 971 3135 gloriam
1001 3058 1095 3132 querit
1122 3059 1182 3114 illic
1213 3059 1294 3115 timet
1323 3078 1391 3116 con-

396 3144 556 3219 fusionem.
586 3146 644 3213 Qui
656 3145 786 3224 gloriam
805 3145 900 3220 querit
923 3145 950 3201 in
974 3145 1064 3201 terris
1087 3146 1287 3220 confusionem
1312 3147 1392 3202 timet
1403 3159 1435 3210 30

403 3232 431 3286 in
455 3233 559 3293 terris:
574 3234 622 3307 qui
643 3244 736 3289 atatem
761 3232 892 3310 gloriam
917 3251 971 3287 non
996 3232 1090 3306 querit
1114 3233 1169 3289 nisi
1191 3233 1392 3289 tantummodo

402 3320 482 3394 apud
498 3320 602 3386 Deion,
627 3321 823 3394 confusionem
848 3338 903 3375 non
927 3319 1007 3374 timet
1027 3319 1084 3374 nisi
1107 3321 1307 3376 tantummodo
1325 3320 1391 3375 Dei.

404 3405 437 3461 Si
468 3407 550 3461 miles
575 3406 738 3481 periculum
778 3407 847 3462 belli
879 3406 1009 3475 sustinet,
1050 3407 1118 3461 dum
1147 3418 1247 3483 sperat
1271 3407 1394 3463 victorie

401 3494 537 3568 predam,
568 3503 673 3566 quanto
697 3494 793 3570 stringis
818 3512 868 3549 tos
892 3493 1051 3569 opprobria
1081 3494 1183 3549 mundi
1204 3513 1259 3550 non
1284 3494 1393 3551 debetis

403 3580 515 3643 titnere,
538 3580 587 3654 qui
609 3581 695 3657 regni
716 3581 828 3636 celestis
849 3581 995 3656 premium
1020 3582 1204 3657 expectatis?
1237 3583 1301 3638 Hec
1326 3580 1391 3638 Cri·
1405 3594 1435 3645 35

404 3679 563 3722 sostomus.

449 3756 483 3809 Et
513 3754 630 3810 ridetur
659 3755 740 3829 quod
770 3757 823 3811 hcc
852 3755 942 3810 verba
972 3754 1095 3811 Domini
1128 3773 1188 3812 non
1220 3756 1320 3812 solum
1354 3757 1394 3812 nd

405 3841 617 3915 preteritorum
639 3841 785 3898 solacium
804 3844 1003 3898 extenduntur
1020 3844 1071 3898 sed
1089 3843 1128 3898 nd
1145 3843 1392 3900 consolacionem

405 3928 594 4003 presencium
624 3928 674 4002 qui
704 3928 733 3984 in
762 3947 854 3986 causa
883 3929 1006 3985 Domini
1036 3931 1266 4003 exprobrantur.
1307 3932 1394 3987 Patet

405 4017 526 4089 quidem
545 4018 625 4090 quod
643 4016 800 4090 pontifices
818 4015 911 4073 nostri
929 4029 957 4072 et
973 4014 1105 4090 pharisei
1128 4016 1393 4074 excommunicant
1402 4047 1437 4095 40

405 4118 433 4159 et
456 4106 638 4177 exprobrant
662 4103 815 4160 hominem
834 4101 884 4179 qui
902 4103 1035 4160 defendit
1060 4117 1088 4160 et
1112 4103 1243 4160 enucliat
1267 4123 1390 4161 causam

459 4356 484 4402 ιι
507 4362 692 4418 Arqtn‘ntnt¹⁴
724 4359 931 4410 eqbelocuntnr.
987 4361 1147 4415 21‘».27.A:et
1161 4360 1392 4416 quantum-bomi-

408 4422 460 4454 tunt
476 4411 547 4454 dac-st.
603 4412 635 4455 5:
652 4415 673 4453 A
688 4423 710 4453 tn
727 4424 792 4466 urnrg
808 4428 812 4452 :
827 4413 955 4456 lohannes.
