3082 5138
110 479 178 524 cur.
194 468 268 551 rix]
466 485 625 535 sucuunu
646 486 741 536 eius.

111 664 211 702 ueram
241 645 414 701 doctrinam.
458 646 522 712 Que
543 657 640 702 autem
673 665 690 701 a
713 646 818 722 spiritu
838 648 993 722 potestatis
1021 648 1099 704 aeris

109 733 290 789 tenebrosam
314 733 443 789 baiulaut
467 751 582 808 aquam,
606 733 705 805 idest,
721 734 838 809 salsam
855 745 881 790 et
897 734 1014 810 impiam
1033 735 1099 790 doc·

110 820 217 875 trinam
241 838 296 895 que
319 839 374 877 non
397 820 552 893 illuminat,
584 821 636 877 sed
668 821 867 878 tenebrescere
882 820 962 896 jacit
990 832 1099 879 mentes

109 925 210 962 eorum
235 907 284 981 qui
305 907 464 983 suscipiunt
488 926 561 967 eam.

85 993 98 1044 5
158 993 239 1049 Venti
277 1006 373 1050 autem
410 1007 476 1051 sunt
508 1012 547 1051 ex
582 1005 671 1070 parte
702 995 816 1069 quidem
849 995 928 1051 mala
955 995 1101 1051 immundi
1134 1025 1290 1070 ‘Wints'are

109 1080 240 1156 spiritus,
262 1081 312 1157 qui
332 1081 443 1137 intrant
463 1081 624 1159 precordia
640 1081 788 1137 hominum
806 1093 832 1138 et
840 1082 936 1159 flant:
958 1100 997 1139 ex
1009 1078 1189 1172 pariewifijf
1208 1079 1315 1172 ⁰fqss⁰⁰d

109 1178 204 1224 autem
229 1169 303 1224 bona
326 1168 448 1245 spiritus
471 1170 656 1225 diversarum
681 1169 820 1225 virtutum
844 1180 910 1226 sunt
934 1170 980 1225 uel
999 1170 1100 1248 angeli
1182 1143 1258 1174 reu.

109 1254 158 1329 qui
179 1254 362 1312 invisibiliter
386 1256 413 1310 iu
438 1274 539 1314 sensus
571 1255 718 1312 hominum
751 1268 913 1331 operantur
943 1269 971 1312 et
1004 1258 1098 1313 addu-

109 1353 176 1397 cunt
199 1343 239 1397 ad
261 1343 343 1399 bona.
368 1343 408 1399 Et
433 1344 498 1399 vide
517 1344 730 1420 proprietatem
754 1361 870 1399 rerum:
907 1344 1009 1400 Pluuie
1028 1363 1100 1420 pro·

69 1446 99 1480 io
106 1428 206 1505 prium
231 1440 274 1485 est
297 1430 415 1487 mollire
437 1441 464 1486 et
486 1431 610 1503 soluere,
645 1442 796 1487 uentorum
829 1440 924 1488 autem
949 1449 1013 1488 cum
1038 1432 1099 1486 vir-

110 1526 169 1572 tute
192 1534 311 1593 urgere.
337 1517 386 1574 Sic
408 1535 483 1595 ergo
506 1517 662 1594 impiorum
687 1517 775 1574 nubes
791 1517 878 1592 salsa
893 1536 946 1575 sua
964 1519 1097 1576 doctrina

109 1614 136 1659 et
164 1604 407 1679 promissionibus
435 1605 568 1661 molliunt
605 1604 735 1661 homines
772 1615 798 1661 et
836 1605 1039 1662 blandimentis
1072 1616 1098 1662 et

106 1690 344 1766 percussionibus
375 1692 500 1763 solvunt,
539 1691 672 1748 diabolus
702 1701 798 1748 autem
831 1692 922 1747 intrat
954 1693 982 1748 in
1006 1694 1098 1749 corda

109 1796 210 1833 eorum
234 1779 318 1853 quasi
340 1790 441 1836 uentus
463 1789 491 1835 et
513 1778 695 1835 invisibiliter
717 1789 805 1857 urget
834 1780 996 1836 consentire
1018 1798 1097 1836 men-

70 1865 202 1921 15daciis
225 1884 326 1922 eorum
352 1866 398 1922 uel
419 1866 447 1921 in
471 1877 568 1923 cetera
588 1876 710 1943 peccata
734 1866 890 1942 compellit.

154 1952 202 2008 Sic
225 1963 252 2008 et
275 1953 303 2008 in
324 1964 411 2029 parte
442 1955 516 2009 bona
546 1964 645 2010 sancte
676 1953 764 2009 nubes
796 1953 959 2010 doctrinam
988 1952 1099 2009 iusticie

106 2040 287 2114 persuadent
317 2040 481 2097 bominibus
511 2051 539 2097 et
567 2039 786 2097 racionabiliter
805 2041 933 2115 placant.
973 2040 1100 2117 Spiritus

109 2136 204 2182 autem
229 2126 353 2184 Sanctus
377 2128 422 2184 uel
444 2127 545 2206 angeli
563 2127 647 2203 quasi
661 2127 802 2204 prosperi
817 2127 894 2183 venti
906 2139 1100 2204 properantes

109 2213 137 2268 in
161 2214 298 2270 cordibus
312 2214 432 2289 faciunt
469 2215 598 2271 homines
629 2214 817 2290 adquiescere
844 2214 969 2271 ueritati.
1019 2214 1101 2270 Sicut

67 2299 182 2357 aoenim
206 2319 261 2357 non
285 2311 327 2358 est
346 2301 484 2377 possibile
506 2313 536 2357 ut
564 2319 603 2358 ex
624 2302 687 2358 sola
701 2302 802 2379 pluuia
814 2301 979 2378 sructficet
1002 2312 1094 2372 terra,

110 2387 167 2444 uisi
188 2387 335 2465 inflaverit
357 2407 446 2465 super
469 2407 532 2445 eam
558 2400 666 2455 ventus,
698 2389 740 2446 sic
763 2407 818 2444 non
846 2399 889 2445 est
908 2388 1047 2465 possibile
1068 2398 1100 2444 ut

108 2475 174 2531 sola
206 2475 339 2532 doctrina
372 2476 507 2555 corrigat
538 2476 691 2548 hominem,
724 2476 779 2533 nisi
813 2487 987 2553 cooperatus
1002 2475 1100 2551 suerit

111 2561 238 2638 Spiritus
262 2564 385 2620 Sanctus
407 2563 435 2618 in
459 2564 549 2621 corde
572 2563 670 2640 ipsius,
696 2565 759 2620 Hec
783 2561 996 2622 Crisostomus.

492 2801 597 2867 CAP.
621 2801 718 2866 LIX.

68 2964 100 3016 25
154 2947 280 3004 Videtur
311 2946 383 3004 istos
407 2960 527 3004 sanctos
565 2959 594 3003 et
627 2945 798 3021 specialiter
822 2947 902 3002 hunc
929 2946 1096 3001 iohannem
1135 2959 1290 3016 chrysostom

111 3034 280 3109 intelligere
311 3052 364 3107 per
392 3033 450 3090 tria
479 3035 605 3090 domum
628 3032 737 3091 viantis
761 3032 950 3101 infestancia,
983 3012 1315 3116 scilicetssfflfssffiffl

111 3122 238 3196 plurim,
263 3120 390 3179 flumina
414 3135 505 3197 atque
528 3134 643 3192 ventos,
668 3122 725 3177 tria
750 3118 963 3195 temptacionis
987 3137 1098 3194 genera
1131 3116 1288 3212 flffisfflgfe

112 3228 170 3284 que
195 3209 379 3266 concuciunt
403 3208 562 3280 viatorem,
587 3208 629 3265 ita
653 3209 735 3283 quod
760 3226 814 3282 per
831 3206 963 3282 pluviam
990 3206 1098 3262 intelli·
1139 3221 1284 3277 temptaturi.

110 3311 198 3370 gutur
236 3299 347 3371 dogma
384 3295 504 3369 nigrum
544 3295 746 3353 hereticorum
787 3307 901 3352 mentes
928 3293 1097 3350 homiuum

68 3383 354 3450 30dissolvencium.
384 3383 487 3440 Pluvia
510 3383 588 3440 enim
614 3384 799 3458 quandoque
822 3394 909 3438 sonat
933 3380 963 3437 in
987 3379 1099 3438 doetri-

110 3489 180 3528 nam
214 3470 395 3528 catholicam
429 3489 488 3545 que
524 3483 638 3526 mentes
673 3470 805 3527 fidelium
837 3468 942 3542 irrigat
971 3486 1023 3542 per
1055 3466 1099 3522 in-

110 3558 311 3615 struccionem
336 3557 533 3625 salutiferam,
562 3572 594 3613 ut
633 3557 786 3631 proferant
825 3556 915 3612 flores
953 3554 1097 3611 virtutum

110 3656 266 3719 tamquam
292 3664 427 3719 gemmas
455 3644 595 3717 nitentem
629 3662 661 3700 ex
690 3644 800 3718 quibus
828 3644 942 3700 fructus
972 3659 1097 3716 operum

111 3732 296 3789 merencium
323 3731 540 3790 beatitudinem
565 3744 686 3806 oportet
710 3733 883 3805 procedere.
909 3732 1098 3803 Quandoque

68 3832 211 3885 35autem
236 3839 290 3894 per
315 3819 446 3894 pluviam
473 3819 698 3893 incorporatam
724 3818 755 3874 in
778 3819 858 3874 nube
882 3817 1099 3890 distemperata

111 3906 289 3982 intelligitur
322 3909 433 3981 dogma
468 3905 669 3964 hereticorum
704 3907 798 3981 quod¹
819 3903 955 3961 dissolvit
989 3922 1006 3960 a
1041 3902 1099 3958 fide

111 3993 224 4051 Christi
250 4008 366 4052 mentes
391 3994 560 4051 hominum.
594 3996 708 4050 Ventus
732 4006 834 4050 autem
859 3993 1025 4050 secundum
1051 4009 1099 4047 or-

164 4340 185 4377 o.
201 4331 234 4372 A:
250 4327 281 4371 m
295 4329 349 4371 vite.
391 4372 394 4376 ,
414 4341 440 4372 tt.
455 4330 488 4371 A:
504 4329 574 4372 nubes
581 4327 665 4383 fitsua
675 4327 792 4372 doctrina.
844 4339 875 4378 ta.
891 4329 924 4370 A:
936 4337 1016 4370 eorum
1027 4324 1097 4368 deest.

113 4392 142 4436 17.
158 4377 192 4424 h:
207 4382 341 4436 persuadet.
396 4379 428 4424 23.
444 4382 477 4424 A:
493 4382 593 4424 Sanctus
610 4381 685 4430 decen
701 4380 731 4423 ib.
744 4380 773 4423 B:
788 4379 839 4422 Hec
855 4378 1010 4421 Celsostomus
1026 4378 1096 4421 deest,

114 4447 149 4486 ²4-
166 4434 182 4476 B
198 4434 221 4476 in
239 4446 324 4488 itiarg.:
340 4432 384 4485 46.
451 4435 483 4477 25.
500 4434 554 4476 Aiu
570 4445 658 4487 margi
673 4433 802 4475 aonauues.
869 4431 904 4483 34.
921 4431 949 4474 B:
962 4430 1097 4485 precedere.
