3082 5138
95 527 240 613 mu]
455 543 729 599 mmmfflffi

98 707 247 764 Christum
286 719 312 763 et
355 726 411 764 non
451 727 508 784 per
549 726 639 784 opero
678 708 751 764 bona
790 726 821 764 se
862 707 1018 785 confirmat
1056 707 1084 763 in

98 795 226 851 Christo.
251 796 310 851 Sed
332 796 430 871 etqui
444 796 524 871 jacit
548 814 637 871 opera
663 796 741 851 mala
764 813 854 871 super
877 814 999 851 arenam
1024 796 1085 850 edi·

84 882 169 958 fleat.
195 883 293 938 Areua
317 895 360 939 est
383 883 476 938 omnis
501 883 627 955 malicia,
652 883 726 938 sicut
750 882 880 938 diximus
902 901 1003 958 supra.
1044 883 1084 938 Et

94 970 142 1044 qui
173 969 201 1025 in
234 970 314 1026 bonis
338 970 531 1026 mundialibus
554 969 670 1027 instruit
693 989 733 1042 se,
765 988 855 1045 super
877 987 998 1025 arenam
1024 971 1083 1024 edi-

69 1055 177 1133 bficat3
215 1057 319 1114 similis
350 1069 446 1114 autem
480 1058 569 1114 stulto
598 1057 713 1113 diabolo
737 1068 789 1129 est,
829 1057 894 1133 quia
923 1057 997 1114 sicut
1021 1057 1083 1113 dia-

94 1144 154 1200 boli
186 1144 299 1217 domus,
337 1146 367 1200 id
404 1157 456 1218 est,
495 1144 635 1202 idolatria
669 1164 687 1201 a
720 1144 839 1201 Christo
869 1146 1018 1202 destructa
1042 1156 1084 1200 est

91 1249 148 1306 per
179 1249 269 1307 opera
302 1232 502 1289 ministrorum
535 1232 595 1290 eius
627 1243 655 1289 et
681 1232 866 1311 graciarum,
905 1232 946 1289 sic
978 1244 1005 1288 et
1036 1233 1085 1288 ille

95 1319 181 1375 hodie
214 1330 264 1375 aut
301 1338 370 1376 cras
408 1320 601 1377 destruendus
634 1330 677 1376 est
709 1338 726 1375 a
759 1319 875 1376 diabolo
904 1337 962 1394 per
993 1337 1083 1394 opera

96 1405 298 1462 ministrorum
314 1407 375 1463 eius
398 1418 424 1463 et
450 1408 602 1464 demonum
627 1408 673 1463 vel
688 1407 835 1463 leontinum
853 1406 1019 1481 impiorum.
1044 1406 1084 1462 Et

56 1493 128 1548 solii
150 1493 223 1549 tales
251 1505 317 1549 sunt
344 1512 416 1569 quos
439 1512 544 1551 cavere
566 1496 602 1551 de
624 1494 746 1551 ecclesia
775 1495 958 1571 signavimus
981 1511 1084 1568 supra,

96 1597 129 1635 eo
177 1582 254 1656 quod
302 1599 357 1637 non
395 1599 426 1637 se
468 1581 678 1658 edificaverunt
719 1599 811 1656 supra
864 1592 981 1656 petram
1034 1581 1087 1637 sed

9 1677 69 1737 404·
97 1668 194 1744 magis
214 1661 221 1749 Ι
241 1685 330 1743 super
352 1685 482 1724 arenam.

141 1754 181 1809 Et
203 1765 268 1811 erat
301 1755 385 1811 ruina
408 1755 469 1812 eius
499 1774 616 1833 magno.
655 1756 808 1823 Quomodo
833 1755 967 1832 magna?
1005 1754 1086 1810 Sicut
1108 1766 1285 1810 Tuecnrisnan

97 1840 171 1896 enim
207 1842 310 1898 domus
342 1860 396 1917 que
427 1843 512 1898 habet
539 1843 668 1899 ualidum
684 1843 928 1919 fundamentum,
965 1841 992 1898 si
1010 1860 1086 1917 pars
1116 1819 1280 1919 ᾞξζζέῐιὲῑῖἓά

58 1927 195 2003 15aliqua
216 1929 341 2003 parietis
364 1930 411 1985 uel
432 1930 501 1986 tecti
523 1929 670 2000 ceciderit,
700 1931 784 1985 ruina
809 1930 870 1986 eius
893 1948 1003 2007 magna
1029 1925 1140 2020 nonffi
1154 1923 1303 2019 212?ssssth

98 2015 163 2084 erit,
198 2016 264 2090 quia
295 2027 393 2091 potest
420 2016 548 2094 fierint
580 2017 685 2072 iterum
720 2028 884 2092 reparetur.
925 2016 958 2071 Si
987 2027 1084 2072 autern
1104 2028 1185 2072 ruined
1202 2028 1292 2089 beyond

91 2102 322 2175 fundamentum
346 2104 408 2159 eius
430 2121 528 2159 casum
552 2104 651 2177 suerit
670 2121 803 2179 passum,
835 2114 902 2159 tunc
935 2113 977 2159 est
1001 2103 1085 2158 ruina
1123 2087 1272 2124 ¹⁰⁸³⁰¹³¹¹⁰¹¹'

102 2189 163 2246 eius
187 2208 307 2267 magna,
330 2190 396 2265 quia
420 2201 479 2246 tota
505 2190 581 2246 uenit
604 2191 768 2247 desurstun.
793 2191 842 2246 Sic
865 2202 892 2247 et
909 2189 1086 2246 christianus

101 2276 128 2332 si
165 2276 336 2351 fornicatus
366 2277 465 2351 suerit
502 2287 552 2332 aut
589 2276 774 2334 adulteratus
811 2286 861 2333 aut
899 2276 1085 2332 homicidium

58 2362 218 2437 aosecerit,
241 2365 343 2420 cecidit
359 2364 484 2440 quidem,
510 2375 605 2421 tamen
629 2365 714 2420 ruina
738 2364 798 2421 eius
822 2382 931 2442 magna
955 2382 1011 2419 non
1035 2374 1086 2434 est,

102 2452 168 2526 quia
200 2463 296 2527 potest
319 2452 423 2508 iterum
453 2452 632 2527 poenitencia
660 2469 787 2529 surgere
810 2452 883 2507 sicut
906 2451 1015 2506 Dauid.
1056 2449 1102 2532 Si

102 2550 197 2595 autem
222 2539 258 2595 de
273 2538 474 2614 fundamento
492 2538 571 2615 fidei
592 2538 705 2615 aliquid
720 2539 820 2612 suerit
839 2556 957 2614 passus,
981 2538 1012 2593 id
1035 2547 1087 2602 est,

101 2626 128 2681 si
146 2627 352 2702 prevaricatus
373 2626 472 2699 suerit
496 2636 523 2682 et
550 2625 590 2681 ad
615 2625 751 2703 gentiles,
775 2626 816 2681 ad
838 2625 981 2681 hereticos
1004 2635 1086 2680 tran·

101 2713 193 2785 sierit,
217 2725 284 2770 tunc
306 2724 348 2769 est
365 2713 449 2769 ruina
466 2712 526 2770 eius
541 2731 662 2790 magna,
687 2713 752 2788 quia
768 2724 845 2770 totus
859 2712 1001 2789 funditus
1017 2711 1086 2770 ruit.

60 2807 90 2856 25
103 2801 166 2857 Hec
190 2799 405 2859 Crisostomus.

488 3004 593 3069 CAP.
623 3004 701 3068 LX.

147 3147 289 3222 Sequitur
312 3148 343 3205 in
368 3162 448 3205 textu
472 3149 634 3223 evangelii:
664 3150 703 3205 Et
722 3150 841 3223 sactum
865 3160 908 3205 est
931 3167 995 3205 cum
1019 3167 1086 3204 con-

102 3247 275 3292 summasset
297 3236 381 3292 Jesus
415 3237 502 3292 uerba
535 3239 595 3300 bec,
630 3236 856 3293 admirabantur
887 3237 971 3292 turbe
998 3253 1087 3310 super

104 3323 236 3379 doctrina
269 3324 336 3379 eius.
378 3323 454 3378 Erat
487 3324 560 3380 enirn
592 3325 698 3380 docens
731 3342 779 3379 eos
811 3324 883 3380 sicut
912 3333 1085 3398 potestatem

62 3409 211 3466 30lrabens
244 3422 270 3467 et
303 3430 357 3467 uon
389 3411 462 3466 sicut
494 3411 589 3467 scribo
621 3429 721 3466 eorum
756 3422 782 3466 et
807 3410 948 3466 Pharisei.
989 3412 1086 3483 Super

103 3515 165 3571 quo
181 3497 380 3571 Augustinus:
408 3498 531 3554 Hocest
546 3499 625 3572 quenl
645 3510 712 3553 aute
735 3498 813 3553 dixit
833 3515 890 3572 per
911 3497 1085 3572 prophetam

103 3603 165 3640 esse
187 3586 382 3662 signficatum
417 3587 445 3641 in
475 3585 609 3653 Psalmis,
644 3604 708 3640 cum
739 3584 864 3640 diceret:
895 3583 1087 3639 Fiducialiter

103 3691 193 3749 agam
225 3673 252 3728 iu
282 3691 314 3728 eo
337 3673 450 3747 eloquia
474 3673 604 3736 Domini,
637 3672 750 3747 eloquia
783 3682 873 3743 casta,
905 3683 969 3737 eto,
994 3682 1024 3725 ut
1049 3671 1088 3726 ibi

103 3760 233 3835 sequitur
255 3777 343 3833 usque
375 3760 416 3814 ad
437 3760 613 3834 septuplum.
663 3759 790 3834 Propter
822 3775 904 3832 quem
935 3775 1085 3813 numerum

61 3847 270 3902 35admonitus
307 3865 370 3901 sum
405 3847 495 3902 eciam
527 3858 668 3922 precepto
707 3846 761 3901 ista
799 3847 839 3901 ad
875 3855 982 3920 septem
1021 3844 1088 3900 illas

103 3934 264 3989 sentencias
301 3933 428 4006 referre,
467 3951 539 4009 quas
578 3934 605 3988 in
640 3932 787 4008 principio
824 3931 967 3988 sermonis
1004 3930 1089 3987 ltuius

155 4221 357 4266 §.mendosus
420 4221 449 4266 13.
465 4221 590 4266 Recte-:Et
603 4223 657 4265 erit.
725 4221 864 4272 14.A:sed
874 4233 941 4276 pars
1010 4221 1089 4263 18.A:

103 4274 232 4380 gedam·
267 4276 537 4327 24.A:iterumruina.
592 4273 954 4328 31.Ainmarg.:Aupustiuus.
1010 4271 1089 4316 buA:

159 4429 200 4480 27.
219 4416 309 4466 Mutth.
328 4417 384 4478 Vll,
404 4432 443 4480 24.
537 4420 576 4471 31.
597 4419 635 4468 De
655 4432 775 4468 sermone
795 4416 900 4465 Domini
920 4417 946 4464 in
966 4416 1090 4464 montel.

105 4501 127 4534 c.
146 4501 170 4550 p.
191 4485 250 4539 230.
325 4489 364 4537 32.
386 4487 479 4536 l'sulm.
500 4489 540 4549 ΧΙ,
560 4487 575 4536 ti

940 4573 993 4622 30*
