3082 5138
195 495 228 540 12

196 670 234 713 All
250 670 307 712 laws
322 677 384 712 must

202 729 248 766 rest
261 736 291 765 on
308 721 382 765 God's

264 777 315 817 law.

188 3643 324 3688 Cowardicc
338 3656 391 3686 now

188 3698 304 3751 prevalent
318 3697 341 3739 in
356 3696 392 3739 the

245 3749 340 3792 church.

713 491 803 540 oeus
822 488 1073 538 nvrtvoutrcuu
1250 469 1334 553 [err.
1349 485 1388 530 iv.

407 654 561 722 edocetur,
595 664 627 706 ut
661 651 818 724 allegando
854 650 949 723 legem
986 647 1117 717 civilem,
1156 649 1296 722 papalem
1330 650 1389 707 sive

405 738 581 795 canonicam
615 737 716 795 statim
750 735 985 810 contempnitur,
1019 735 1075 792 nisi
1101 738 1139 791 de
1164 749 1280 810 quanto
1304 736 1388 811 origo

403 826 467 883 eius
490 825 520 881 in
543 826 607 899 lege
631 824 751 881 Domini
776 837 819 882 est
844 825 961 880 edocta.
985 826 1062 879 Nam
1087 822 1240 880 sentencia
1265 823 1320 881 ista
1344 841 1388 882 est

403 914 488 969 valde
512 912 660 970 catholica
684 926 712 969 et
734 925 821 969 sonat
846 911 875 967 in
892 909 1095 968 reverenciam
1120 910 1202 966 verbi
1227 910 1296 980 Dei;
1319 910 1387 969 ideo

404 999 500 1057 fidelis
522 1018 585 1056 non
608 997 806 1073 pusillanimis
822 998 904 1054 illam
923 997 1094 1054 defenderet
1111 1011 1268 1072 tamquam
1287 998 1412 1055 tidemi

406 1090 531 1145 Constat
555 1086 677 1161 quidem
702 1088 784 1161 quod
808 1085 928 1142 infinita
952 1083 1104 1159 sapiencia
1134 1098 1236 1159 posset
1260 1085 1387 1143 faciliter

404 1177 475 1232 dare
498 1175 594 1248 legem
608 1173 637 1230 in
655 1193 714 1248 qua
731 1172 867 1247 explicite
884 1173 928 1229 vel
946 1171 1091 1246 implicite
1114 1174 1280 1229 secundum
1304 1176 1386 1249 quod

404 1260 523 1337 proficit
538 1261 637 1317 omnis
653 1261 761 1319 veritas
778 1274 823 1317 est
838 1261 959 1330 edocta;
980 1273 1008 1316 et
1025 1260 1115 1316 talem
1134 1260 1229 1334 legem
1247 1261 1387 1336 apparuit

404 1348 570 1422 Augustino
595 1348 625 1405 in
648 1348 751 1405 multis
774 1347 847 1404 locis
872 1351 967 1403 Deum
993 1347 1120 1404 ecclesie
1143 1365 1196 1403 sue
1220 1348 1302 1406 dare.
1327 1351 1386 1405 Nec

404 1436 528 1493 dubium
554 1435 627 1510 quin
659 1438 696 1493 ad
730 1434 930 1492 reverenciam
964 1435 1040 1490 foret
1070 1433 1144 1508 legis
1168 1433 1267 1491 divine
1290 1434 1385 1510 ipsam
1401 1456 1430 1488 ιο

404 1523 434 1579 in
457 1542 510 1580 sua
534 1521 635 1580 radice
659 1522 788 1580 dimissis
812 1521 1031 1579 tradicionibus
1055 1522 1195 1594 allegare.
1226 1524 1294 1578 ldeo
1319 1541 1385 1597 pro-

403 1610 501 1685 posita
521 1610 731 1684 proposicione
754 1609 945 1667 considerant
973 1607 1021 1665 isti
1046 1608 1069 1664 si
1095 1608 1132 1665 sit
1156 1609 1329 1683 proposicio
1353 1629 1385 1667 ex

403 1697 562 1771 scriptura,
585 1711 613 1754 et
629 1710 700 1754 tunc
717 1697 797 1754 illam
816 1698 984 1754 concedunt
1002 1697 1040 1752 ad
1057 1714 1177 1752 sensum
1202 1697 1384 1754 catholicum

404 1798 528 1858 propter
551 1784 753 1841 reverenciam
779 1784 867 1842 huius
890 1783 972 1857 legis.
998 1784 1035 1839 Et
1058 1783 1081 1839 si
1099 1783 1137 1840 sit
1155 1783 1328 1858 proposicio
1352 1803 1385 1841 ex

404 1890 492 1928 sensu
517 1872 649 1929 humano
674 1875 780 1930 edocta
803 1872 849 1928 vcl
873 1871 995 1928 racione
1019 1870 1160 1939 naturali,
1194 1884 1266 1928 tunc
1289 1872 1427 1929 eciam15

404 1959 499 2033 ipsam
524 1961 704 2027 concedunt,
737 1959 808 2034 quia
832 1958 980 2015 Dominus
1005 1956 1103 2031 ipsam
1128 1960 1228 2029 docet,
1258 1973 1287 2015 ct
1311 1959 1384 2016 alias

403 2045 629 2120 proposiciones
657 2046 790 2103 abiciunt
822 2060 978 2119 tamquam
1016 2045 1207 2119 apocriphas,
1238 2066 1306 2102 cum
1331 2066 1381 2102 ne·

402 2132 501 2189 sciunt
534 2132 558 2189 si
591 2133 653 2208 ipsc
685 2154 702 2190 a
734 2133 831 2208 prima
864 2131 1017 2207 sapiencia
1040 2146 1227 2191 emanarunt.
1276 2137 1310 2189 Et
1344 2134 1384 2191 ita

403 2238 596 2295 quascunque
624 2219 806 2277 tradiciones
835 2220 932 2292 legum
965 2219 1122 2276 hominum
1152 2234 1307 2294 tamquam
1337 2241 1384 2276 su·

402 2320 520 2381 spectas
552 2309 588 2364 de
619 2307 726 2378 heresi,
760 2309 830 2363 dum
864 2307 894 2363 in
924 2309 988 2380 lege
1018 2305 1140 2363 Domini
1172 2308 1295 2364 fundate
1325 2325 1428 2364 nonar>

401 2394 521 2465 fuerint,
544 2393 677 2452 abiciunt
700 2408 733 2451 ut
756 2413 912 2451 venenum.
946 2397 982 2450 Et
1015 2393 1072 2450 ista
1108 2394 1204 2451 fidelis
1233 2395 1383 2451 sentencia

402 2481 566 2554 practizata
590 2482 717 2539 fideliter
736 2482 885 2539 resisteret
901 2496 1026 2556 peccato
1039 2480 1215 2538 Antichristi
1240 2482 1270 2538 in
1294 2501 1382 2556 papa,

401 2567 550 2643 episcopis
574 2582 602 2626 et
626 2568 741 2626 cunctis
766 2569 888 2643 prelatis
912 2569 1045 2626 cesariis

444 2656 597 2713 Fundacio
625 2671 726 2713 autem
751 2655 835 2713 istius
860 2655 928 2713 fidei
958 2656 1083 2730 erigitur
1106 2676 1197 2731 super
1221 2656 1278 2713 isto
1302 2658 1382 2730 quod

402 2743 480 2799 idem
498 2757 541 2800 est
556 2743 709 2801 Christum
727 2743 851 2818 diligere
868 2756 896 2800 et
914 2743 1038 2818 diligere
1055 2744 1151 2818 legem
1176 2763 1272 2800 suam.
1298 2745 1382 2799 Patet
1394 2747 1424 2796 25

401 2849 433 2886 ex
458 2831 516 2888 fide
546 2830 691 2888 lobannis
724 2833 798 2901 X1V,
825 2846 880 2887 21:
913 2832 962 2906 qui
992 2832 1076 2888 habet
1105 2833 1242 2886 inundata
1271 2850 1333 2887 mea
1357 2841 1383 2886 et

399 2929 498 2974 servat
521 2937 564 2990 ea,
586 2919 636 2975 ille
659 2930 701 2975 est
725 2919 774 2993 qui
794 2919 889 2996 diligit
914 2938 966 2975 me.
992 2921 1028 2974 Et
1045 2938 1078 2975 ex
1095 2919 1200 2975 eadem
1219 2919 1278 2975 lide
1301 2931 1381 2992 patet

400 3006 482 3080 quod
506 3005 666 3063 admittere
697 3024 787 3080 super
820 3007 897 3062 hanc
933 3007 1029 3080 legem
1063 3006 1185 3062 Domini
1210 3006 1305 3080 legem
1331 3007 1382 3061 ho·

401 3091 516 3148 minum
541 3106 711 3150 extraneam
735 3091 766 3149 in
790 3094 854 3167 lege
871 3093 992 3149 Domini
1010 3113 1071 3149 non
1088 3093 1244 3150 fundatam
1270 3092 1383 3149 indicat

401 3180 436 3234 de
460 3192 544 3236 tanto
562 3180 765 3254 perdicionem
790 3179 902 3237 amoris
926 3181 1000 3254 legis
1017 3180 1128 3237 Christi
1153 3183 1234 3255 quod
1258 3180 1382 3237 omnino
1394 3185 1426 3234 30

400 3264 514 3322 indicat
546 3281 712 3341 peccatum,
743 3287 810 3324 cum
849 3266 974 3343 quilibet
1008 3269 1096 3325 debet
1130 3272 1225 3325 Deum
1260 3267 1383 3341 diligere

401 3365 464 3409 toto
491 3355 590 3411 corde.
638 3356 717 3411 lstud
747 3368 848 3412 autem
879 3369 1037 3429 peccatum
1072 3375 1135 3412 non
1171 3356 1259 3413 debet
1286 3355 1383 3411 viator

401 3440 588 3499 committere
616 3456 740 3517 propter
774 3445 885 3499 bonum
921 3442 1045 3518 aliquod
1085 3441 1303 3517 acquirendum
1337 3441 1381 3498 vel

402 3527 515 3602 aliquid
539 3528 684 3603 penaliter
707 3531 944 3605 deperdendum.

445 3618 481 3672 Et
497 3634 530 3672 ex
543 3615 606 3673 istis
623 3616 783 3674 correlarie
800 3617 953 3693 colligitur
969 3637 1061 3693 quarn
1075 3636 1179 3675 vecors
1196 3630 1240 3674 est
1257 3615 1382 3673 ecclesia
1393 3620 1424 3672 35

402 3701 432 3758 in
456 3703 514 3759 fine
541 3718 707 3779 temporum
733 3707 855 3762 seducta
876 3719 999 3779 propter
1022 3705 1173 3763 versucias
1196 3702 1382 3761 Antichristi.

403 3790 483 3846 Olim
501 3790 578 3847 enim
597 3807 720 3866 propter
735 3791 940 3850 servacionem
960 3793 1048 3850 huius
1069 3792 1138 3849 lidei
1157 3793 1273 3870 Diliges
1288 3790 1382 3848 Deum

402 3893 440 3933 ex
467 3888 525 3933 toto
552 3880 640 3936 corde
672 3894 817 3954 martyres
845 3880 940 3938 eciam
976 3881 1083 3938 tenelle
1111 3879 1240 3954 virgines
1268 3877 1383 3953 quales-

403 3982 519 4039 cunque
543 3983 633 4040 penas
657 3967 793 4043 corporis
816 3969 992 4036 tolerarunt,
1021 3971 1074 4026 sed
1099 3969 1190 4025 modo
1213 3965 1383 4042 superiores

361 4270 367 4282 ·
455 4267 476 4305 q.
491 4257 512 4298 A
527 4256 549 4298 in
565 4269 649 4310 mara:
664 4257 812 4314 Augustr'nrcr,
893 4271 928 4312 ²·l·
944 4260 1002 4302 Ain
1019 4271 1105 4313 marp:
1121 4258 1181 4301 Nola
1194 4257 1381 4314 ¹srrrtdameutrenr.

403 4304 432 4349 31.
449 4304 481 4349 h:
494 4313 589 4361 peccato
604 4313 649 4351 tum
663 4322 712 4353 cum
726 4311 814 4364 quibus.
868 4311 899 4355 35.
915 4314 936 4354 A
952 4313 973 4354 iu
991 4323 1076 4365 marg.:
1094 4312 1262 4354 Correlarr'um.

457 4436 496 4497 37.
528 4436 600 4484 Dcut.
620 4437 662 4497 Vl,
683 4437 705 4487 Ξ).
