3082 5138
751 493 842 543 oeus
860 492 1113 542 ussuufsscusi
1288 472 1372 555 [cue.
1386 485 1439 530 m

451 653 557 708 ducatu
578 653 764 726 familiarius
792 652 849 708 Dei
874 653 1068 709 locucionibus
1094 654 1238 719 utebatur,
1267 652 1341 707 Saul
1368 669 1440 707 vero

440 741 526 815 filius
552 739 617 818 Cys
636 752 789 815 postquam
817 753 933 817 sceptra
966 741 1053 818 regni
1078 742 1201 816 adeptus
1232 750 1285 803 est.
1308 757 1367 814 per
1398 739 1441 794 in·

450 828 614 883 obediencie
636 829 800 903 superbiam
825 830 919 884 Deum
943 829 1071 902 offendit.
1105 829 1173 884 Rex
1196 827 1335 883 Salomon
1356 836 1440 901 post·
1511 834 1514 843 '

450 933 536 988 quam
558 916 656 990 patris
678 916 723 970 sui
746 916 845 970 David
866 917 963 971 sedem
989 916 1118 983 obtinuit,
1148 916 1229 971 Deus
1251 914 1335 969 illum
1361 914 1441 968 ultra

450 1022 549 1058 omnes
573 1003 714 1057 mortales
732 1003 808 1058 velut
825 1004 864 1058 ad
879 1003 1059 1058 innumerosi
1069 1003 1173 1078 populi
1194 1001 1466 1080 gubernacionem

449 1090 594 1164 sapiencie
616 1108 737 1145 munere
756 1090 867 1145 ditavit.
886 1090 1063 1146 Econtrario
1080 1108 1150 1146 vero
1164 1089 1321 1145 Jeroboam
1337 1106 1442 1144 servus

450 1177 615 1232 Salomonis
627 1188 781 1252 postquam
804 1178 891 1255 regni
905 1179 1008 1233 domus
1026 1175 1126 1234 David
1137 1188 1255 1253 partem
1278 1175 1442 1251 occupavit,

450 1265 491 1318 ad
511 1264 678 1341 ‚t‘dolorum
710 1264 818 1319 cultum
851 1266 948 1320 decem
981 1265 1074 1321 tribus
1098 1265 1194 1321 lsrael
1222 1282 1276 1339 que
1304 1273 1391 1319 erant
1414 1262 1442 1317 in

447 1363 538 1426 parte
560 1351 695 1407 Samarie
719 1352 847 1408 divertit.
873 1353 932 1408 Per
954 1371 1008 1427 que
1023 1353 1159 1428 exempla
1173 1338 1324 1408 evidenter
1346 1360 1442 1406 osten·

451 1439 533 1492 ditur
555 1440 696 1513 quasdam
724 1439 751 1493 in
782 1440 946 1496 sublimiori
976 1451 1054 1496 statu
1087 1441 1128 1495 ad
1161 1440 1302 1495 maiorem
1323 1439 1442 1513 perfec·
1456 1457 1486 1492 ιο

449 1527 559 1581 cinnent
576 1545 717 1593 crescere,
740 1528 880 1601 quosdam
898 1546 967 1583 vero
978 1545 1037 1604 per
1054 1528 1241 1603 supercilium
1262 1524 1442 1582 dominacio-

449 1614 493 1667 nis
515 1612 557 1666 ad
579 1613 726 1669 deteriora
747 1614 905 1691 profluere.
945 1615 1004 1670 Per
1025 1616 1103 1690 quod
1126 1625 1281 1689 utrumque
1303 1611 1441 1689 intelligi·
1477 1628 1480 1633 ·

448 1711 570 1755 tureos
593 1700 642 1775 qui
672 1702 713 1755 ad
744 1702 866 1758 meliora
898 1703 1091 1758 conscendunt
1112 1721 1169 1778 per
1191 1702 1327 1757 virtutem
1351 1697 1444 1754 animi

449 1799 476 1842 et
500 1787 622 1842 Domini
652 1788 796 1843 auxilium
821 1808 908 1865 posse
942 1789 1016 1843 illud
1035 1789 1154 1864 jacere,
1186 1799 1214 1844 et
1247 1805 1297 1844 eos
1327 1787 1379 1862 qui
1403 1786 1445 1841 ad

451 1874 597 1930 deteriora
622 1875 809 1931 divertuntur
826 1895 884 1952 ρον
906 1877 1008 1932 mentis
1031 1876 1254 1932 imbecillitatem
1275 1873 1394 1951 pariter
1417 1884 1444 1928 et
1457 1879 1485 1932 15

450 1961 665 2038 negligenciam
688 1982 802 2019 errare.
832 1963 914 2019 Unde
946 1964 1095 2019 dominum
1119 1964 1225 2038 absque
1248 1963 1357 2017 virtute
1369 1959 1446 2037 fieri

378 2044 389 2059 ⁰
450 2068 515 2123 non·
531 2049 623 2120 decet,
639 2068 724 2125 quam
743 2051 877 2106 virtutem
893 2051 955 2106 sine
968 2051 1026 2107 Dei
1040 2051 1152 2107 auxilio
1169 2050 1332 2106 nullatenus
1347 2049 1442 2104 babet.

454 2136 514 2204 Qui
532 2137 607 2191 enim
629 2138 718 2192 multa
734 2147 841 2207 tuetur,
864 2137 891 2192 si
912 2157 968 2194 non
989 2139 1092 2194 ltabeat
1109 2137 1318 2213 fortitudinem
1343 2135 1443 2207 animi,

450 2242 506 2278 non
531 2224 607 2279 valet
639 2224 713 2279 illud
744 2243 845 2302 agere,
878 2226 1013 2300 quoniam
1046 2244 1155 2303 magna
1180 2224 1298 2303 magnis
1320 2222 1444 2298 infesta-

450 2311 579 2367 cionibus
603 2312 649 2368 vel
678 2312 904 2368 adversitatibus
927 2314 1020 2368 solent
1044 2313 1190 2368 laborare.
1224 2311 1326 2368 Omuis
1350 2310 1488 2388 igituruo

450 2399 499 2473 qui
517 2409 626 2474 preest,
659 2399 713 2453 hoc
733 2399 872 2474 primitus
902 2411 962 2455 tota
994 2400 1085 2455 animi
1112 2400 1271 2456 intencione
1290 2408 1443 2474 procuret,

451 2496 482 2539 ut
502 2504 560 2560 per
589 2486 686 2541 omnia
720 2487 756 2542 de
779 2487 836 2542 Dei
867 2488 1014 2544 adiutorio
1046 2487 1161 2544 omniuo
1186 2505 1241 2542 non
1266 2486 1385 2542 dubitet.
1411 2483 1445 2539 Si

452 2590 575 2648 namque
597 2573 704 2648 ceperit
736 2573 764 2628 in
792 2575 903 2630 actibus
935 2575 994 2631 suis
1016 2575 1225 2630 auxiliatorem
1250 2574 1359 2629 habere
1382 2573 1444 2627 Do·

451 2661 559 2714 minum
584 2660 779 2730 dominorum,
812 2662 910 2718 nullus
942 2663 1088 2718 bominum
1112 2671 1307 2737 contemptum
1336 2660 1445 2715 babere

447 2747 557 2823 poterit
580 2749 640 2804 eius
663 2749 851 2805 dominatum.
879 2749 943 2804 Non
960 2749 1033 2805 enim
1050 2761 1091 2806 est
1111 2759 1241 2826 potestas
1264 2748 1320 2805 nisi
1333 2767 1352 2803 a
1369 2747 1442 2802 Deo.
1455 2752 1486 2804 25

451 2835 517 2910 Ipse
539 2836 613 2890 enim
637 2837 731 2892 elevat
754 2837 790 2892 de
809 2848 940 2892 stercore
961 2855 1084 2913 egenum
1107 2848 1134 2893 et
1155 2839 1258 2893 sedere
1273 2835 1356 2911 facit
1380 2852 1444 2889 cum

450 2923 631 2998 principibus
643 2923 748 2998 populi
761 2923 815 2994 sui,
833 2935 860 2979 et
873 2935 1005 2999 potentes
1022 2925 1136 2999 deponit
1153 2926 1189 2980 de
1204 2924 1273 2980 sede
1287 2933 1316 2978 et
1331 2921 1445 2978 exaltat

453 3010 585 3078 hitmiles‚
618 3021 648 3064 ut
681 3011 813 3066 subditus
835 3011 894 3087 fiat
927 3012 1020 3066 omnis
1052 3012 1177 3067 mundus
1208 3009 1273 3067 Deo
1309 3020 1336 3066 et
1360 3018 1446 3087 egeat

454 3096 550 3152 (ruinis
571 3098 672 3174 gloria
697 3096 763 3154 Dei.

842 3300 947 3365 CAP.
972 3301 1058 3364 XII.
1457 3312 1488 3365 30

244 3479 381 3575 (penning
393 3483 418 3551 ξεί
503 3483 579 3537 Cum
597 3481 735 3538 Christus
751 3480 857 3538 asserit
876 3483 1040 3553 LucelllX,
1057 3501 1098 3552 40
1110 3483 1192 3555 quod
1210 3480 1323 3556 lapides
1337 3480 1448 3536 clama-

249 3540 348 3628 talibi
359 3544 443 3627 :ibiibi
460 3569 528 3623 bunt
552 3583 580 3625 ct
612 3569 687 3625 illud
720 3568 845 3643 quidam
879 3568 1032 3625 evidenter
1065 3568 1238 3642 intelligunt
1262 3568 1345 3642 quod
1370 3580 1447 3624 tem·

242 3638 320 3681 “⁰⁰¹⁶
335 3649 376 3692 (θ’
390 3644 440 3679 ⁰¹¹¹·
459 3657 579 3730 porales
595 3655 711 3712 domini
728 3656 829 3712 dicent
846 3669 875 3712 et
892 3656 1053 3712 defendent
1077 3656 1131 3712 Dei
1153 3655 1314 3725 iusticiam,
1327 3654 1448 3711 videtur

459 3762 523 3800 esse
546 3747 583 3801 dc
611 3744 666 3801 ista
701 3744 828 3801 materia
863 3745 1019 3817 paululum
1045 3743 1264 3799 disserendum.
1311 3745 1389 3798 Nam
1414 3760 1447 3798 ex

457 3832 516 3887 tide
548 3832 719 3906 concipitur
750 3837 795 3901 (ut
829 3830 1013 3905 Augustinus
1038 3830 1085 3886 hic
1109 3829 1227 3903 asserit)
1251 3833 1334 3905 quod
1358 3833 1487 3905 neque35

452 3929 584 3994 potestas
615 3938 705 3995 neque
735 3919 892 3977 dominium
922 3919 993 3975 inest
1016 3918 1127 3974 bomini
1147 3919 1193 3974 liic
1217 3918 1315 3990 vianti,
1339 3917 1396 3973 nisi
1417 3927 1447 3972 ut

510 4192 531 4233 s..
547 4192 581 4234 A:
595 4190 700 4233 donavit.
794 4189 825 4233 18.
840 4191 862 4233 Α
876 4190 900 4232 in
916 4202 1002 4244 marga
1022 4189 1091 4234 Nota.
1186 4187 1218 4233 32.
1235 4188 1325 4232 Codd.:
1345 4188 1444 4244 quidem.

458 4242 502 4287 35:
517 4246 538 4287 Α
554 4243 576 4285 in
592 4256 678 4297 maru:
694 4242 847 4300 Augustinus.

510 4388 533 4420 2.
547 4373 564 4420 l.
578 4372 643 4435 Rea.
657 4373 713 4431 XV,
731 4387 769 4420 ιι.
841 4383 865 4432 4.
881 4371 922 4420 lll.
936 4370 1000 4432 Πομ.
1015 4369 1055 4429 tlt,
1073 4385 1111 4419 12.
1176 4369 1446 4434 7.1tt.Reg.xtt‚27.

459 4442 499 4491 25.
518 4443 595 4491 Rom.
615 4443 681 4502 ΧΙΙΙ,
703 4455 742 4490 12.
