3082 5138
178 499 246 544 car.
264 487 328 570 int]
536 505 697 554 secuuna
717 505 813 554 raus.

179 678 207 719 et
245 683 330 720 renes
361 664 518 720 convincet
552 665 611 721 tale
646 666 836 722 mendacium
868 666 898 721 in
926 665 974 721 die
1003 665 1107 721 iudicii
1136 678 1166 721 et

179 750 313 806 debitum
344 770 419 824 pene
444 770 537 825 usque
561 754 599 808 ad
623 755 824 825 quadrantem
850 752 1049 809 novissimum
1067 751 1163 825 exiget

179 839 345 894 secundum
370 839 548 895 scrutinium
573 839 647 913 legis
672 858 734 896 sue.

566 1061 672 1125 CAP.
697 1062 781 1127 XV.

155 1213 166 1259 5
222 1205 425 1261 Crisostomus
457 1219 558 1261 autem
592 1224 684 1279 super
720 1204 779 1261 isto
818 1219 897 1262 textu
937 1205 979 1263 sic
1012 1205 1162 1280 loquitur:
1195 1218 1362 1279 chrysostom:

184 1293 254 1348 Cum
272 1311 326 1366 qna
343 1311 394 1367 spe
409 1303 475 1348 orat
490 1293 539 1367 qui
553 1293 736 1349 inimiciciam
759 1305 859 1349 seruat
878 1294 1022 1350 adversus
1037 1295 1162 1350 alterum
1181 1272 1198 1314 ¹¹
1214 1273 1336 1378 ¹{,¹{{.⁶¹,ss,⁵,⁵
1352 1280 1376 1315 ¹⁰

178 1400 195 1436 a
219 1399 273 1454 quo
290 1380 424 1454 forsitan
448 1381 525 1437 lesus
549 1391 607 1450 est,·
628 1380 702 1436 sicut
725 1380 798 1435 enim
821 1381 881 1456 ipse
901 1400 990 1437 orans
1011 1382 1164 1437 mentitur:
1175 1371 1365 1473 dgssggffssolrsyiff}

180 1468 247 1522 dicit
275 1466 350 1522 enim
380 1467 496 1524 remitto
524 1479 551 1523 et
579 1487 634 1523 non
663 1467 794 1537 remittit,
828 1468 870 1524 sic
899 1479 925 1524 et
953 1488 969 1522 a
1000 1470 1063 1524 Deo
1090 1468 1164 1545 petit
1313 1444 1326 1483 ι’
1354 1450 1373 1472 ι’

180 1555 407 1631 indulgenciam,
431 1566 458 1609 et
480 1574 536 1611 nou
560 1554 605 1610 illi
626 1555 826 1631 indulgeatur.
860 1555 893 1610 Si
920 1574 994 1633 ergo
1017 1555 1066 1630 qui
1089 1555 1165 1612 lesus

140 1654 223 1698 roest
246 1643 305 1697 siue
328 1661 415 1698 causa
443 1654 509 1698 orat
533 1642 628 1698 Deum
657 1642 712 1697 nisi
738 1642 892 1697 indulserit
920 1642 947 1698 ei
969 1661 986 1698 a
1010 1661 1065 1718 quo
1089 1643 1165 1699 lesus

181 1741 233 1798 est,
261 1730 404 1804 quomodo
425 1740 513 1805 putas
540 1742 605 1786 orat
635 1729 684 1804 qui
712 1748 768 1785 non
791 1730 886 1784 solum
910 1730 946 1785 ab
970 1732 1064 1786 altero
1088 1731 1166 1787 lesus

182 1836 236 1871 non
260 1828 312 1883 est,
335 1818 387 1872 sed
409 1817 470 1892 ipse
489 1836 546 1893 per
569 1817 710 1873 iusticiam
735 1817 810 1872 alios
833 1817 903 1873 ledit
924 1829 950 1873 et
965 1828 1092 1895 gravat‚·
1114 1819 1167 1874 sed

181 1904 265 1959 multi
296 1904 423 1960 nolentes
456 1905 568 1960 veniam
599 1904 785 1980 peccantibus
816 1904 844 1959 in
877 1923 907 1960 se
925 1906 1048 1982 fingunt
1080 1904 1164 1961 istam

181 1991 344 2047 oracionem
374 2009 471 2047 orare.
502 1992 614 2047 Stultus
637 2002 679 2047 est
707 1991 773 2046 talis
802 1991 944 2066 primum,
967 1991 1102 2067 qnoniam
1125 1993 1167 2047 sic

142 2083 235 2134 iinon
260 2089 336 2145 orat,
358 2078 600 2152 quemadmodum
623 2077 719 2134 docuit
744 2077 888 2147 Christus,
914 2096 964 2134 nec
987 2089 1029 2134 est
1056 2078 1168 2134 Christi

182 2165 356 2240 discipulus,-
382 2165 508 2220 secundo
530 2165 596 2241 quia
620 2183 671 2220 nec
696 2176 783 2239 pater
806 2164 929 2220 libenter
952 2165 1074 2222 exaudit
1098 2183 1165 2220 ora-

93 2258 153 2308 3850
181 2253 291 2308 cionem
321 2270 406 2327 qrtam
422 2251 508 2327 filius
537 2270 591 2306 iton
621 2252 748 2307 dictavit.
782 2249 939 2329 Cognoscit
961 2253 1035 2308 enim
1057 2251 1168 2328 {pater

172 2340 234 2415 filii
263 2339 311 2394 sui
339 2358 464 2406 sensum,
496 2350 523 2395 et
560 2340 646 2396 uerba
677 2358 732 2394 non
769 2339 888 2414 suscipit
925 2358 979 2415 qne
1011 2340 1167 2414 usurpacio

182 2429 306 2481 lrnrnana
335 2426 514 2502 excogitavit
545 2428 598 2482 sed
625 2445 678 2501 que
711 2426 856 2502 sapiencia
884 2427 996 2482 Christi
1022 2427 1166 2502 exposuit,

141 2535 171 2566 20
181 2532 254 2591 ergo
279 2515 443 2569 oracionem
465 2513 578 2587 quidem
603 2513 701 2569 dicere
720 2525 812 2588 potes,
837 2513 1048 2569 circtnnvenire
1071 2526 1165 2570 autem

181 2602 275 2655 Deum
300 2613 326 2655 et
336 2600 451 2674 fallere
474 2618 529 2655 non
549 2611 643 2676 potes,
667 2618 718 2656 nec
740 2599 848 2676 accipis
871 2600 1089 2678 indulgenciam
1113 2601 1169 2658 nisi

177 2689 263 2762 prius
286 2687 442 2743 indulseris
465 2688 535 2762 ipse.
561 2690 623 2743 llec
647 2686 863 2743 Crisostomus.

226 2779 265 2829 Ex
290 2774 354 2830 istis
378 2774 497 2830 videtur
521 2774 611 2830 istum
636 2787 774 2830 sanctum
803 2774 958 2830 intendere
982 2794 1043 2830 non
1068 2774 1166 2831 solum

181 2864 262 2935 quod
287 2881 391 2936 expers
415 2861 548 2918 caritatis
572 2875 600 2917 et
624 2861 795 2935 specialiter
812 2862 862 2936 qui
887 2861 984 2918 oderit
1010 2861 1165 2917 inimicum

140 2949 333 3022 risuperflue
366 2962 431 3005 orat
461 2952 567 3016 Deum,
601 2949 730 3005 dicendo
762 2949 936 3006 oracionem
970 2948 1166 3014 dominicam,

182 3039 232 3092 sed
262 3038 377 3092 orando
408 3035 502 3109 ipsam
532 3050 598 3092 orat
627 3038 664 3092 ad
690 3035 735 3092 sui
761 3036 906 3093 iudicium
933 3035 1086 3091 contrarie
1109 3034 1166 3089 sibi

182 3124 251 3197 ipsi3
285 3138 314 3180 et
343 3143 395 3196 per
424 3123 503 3180 idem
534 3125 652 3180 orando
675 3124 841 3197 quamlibet
871 3138 1040 3180 creaturam
1071 3121 1166 3178 immo

181 3211 329 3285 quidquid
366 3211 468 3267 fecerit
500 3224 588 3267 nocet
621 3210 675 3266 sibi
710 3210 765 3285 ipsi
800 3231 831 3268 se
860 3211 957 3285 ipsum
984 3208 1166 3265 incrimine

181 3299 406 3371 profundando.
440 3301 515 3354 Nam
545 3298 662 3354 offenso
692 3301 755 3353 Deo
784 3300 872 3354 debet
904 3316 937 3353 ex
966 3299 1022 3353 hoc
1053 3296 1166 3352 offendi

140 3385 313 3458 3oquelibet
346 3399 485 3441 creatura
517 3400 546 3441 et
579 3386 628 3459 qui
662 3384 785 3440 simulat
819 3405 849 3441 se
882 3384 1013 3440 amicum
1048 3382 1164 3438 inimici

182 3472 256 3528 tanti
282 3471 409 3542 domini,
440 3471 566 3529 incurrit
595 3471 674 3528 illius
699 3471 907 3545 prodicionem
933 3484 961 3526 et
986 3489 1038 3544 per
1062 3487 1167 3526 conse-

182 3578 276 3633 quens
311 3559 507 3616 inimiciciam
541 3558 699 3614 cuiuslibet
737 3559 860 3615 alterius
893 3571 1041 3614 creature.
1079 3556 1166 3614 Talia

182 3647 262 3702 dicta
286 3667 354 3703 curn
379 3647 437 3703 sint
461 3666 494 3703 ex
519 3647 577 3702 fide
598 3646 856 3716 demonstrabilia,
880 3665 941 3701 non
965 3647 1075 3701 debent
1099 3644 1166 3719 capi

182 3734 325 3790 derisorie
351 3748 382 3789 ut
399 3733 475 3790 levia
498 3736 550 3789 sed
568 3747 724 3808 tamquam
749 3733 817 3789 fidei
834 3731 1007 3807 propinqua
1025 3732 1165 3788 effectua-

141 3825 170 3877 35
183 3821 250 3877 liter
274 3821 447 3895 ponderari.

227 3913 267 3964 Ex
300 3928 361 3983 quo
394 3907 514 3964 videtur
544 3907 726 3983 quibusdam
761 3908 843 3981 quod
877 3907 1010 3980 prelatus
1048 3904 1166 3961 notorie
1190 3913 1235 3959 We
1249 3913 1322 3972 ought
1336 3920 1377 3955 not

183 3997 363 4052 criminosus
387 4009 415 4052 et
435 3995 608 4070 specialiter
624 3994 768 4051 omittens
790 3992 927 4049 officium
951 3994 1051 4068 quoad
1069 3995 1166 4048 Deum
1177 3973 1386 4073 wtiieiiiielites.

235 4215 254 4258 5.
270 4215 286 4256 Β
303 4217 325 4257 in
342 4228 428 4270 marg:
444 4215 508 4264 Xll‘',·
522 4218 543 4258 Α
559 4216 581 4258 in
598 4226 684 4269 marg.:
700 4213 867 4271 Crtsouoma.
935 4210 964 4263 13,
981 4223 1012 4263 ¹4·
1029 4211 1171 4267 Brfugiunt

183 4269 249 4309 istam
264 4270 406 4310 oracionem.
462 4281 493 4318 ra.
508 4270 528 4309 Α
544 4268 566 4310 in
583 4279 669 4320 marg.:
686 4278 704 4308 t.
760 4274 791 4308 to.
807 4266 829 4308 Α
846 4266 868 4307 in
885 4277 971 4318 marga
989 4273 1009 4305 2.
1064 4262 1096 4306 23.
1114 4264 1168 4307 Ain

184 4331 256 4371 marg.
264 4336 268 4360 ;
276 4319 403 4362 lohannes.
458 4319 492 4361 30.
505 4323 536 4361 A:
548 4321 646 4361 amicum
656 4320 780 4361 inimicum.
836 4316 871 4361 35.
881 4320 901 4360 Α
910 4318 932 4359 in
941 4328 1026 4372 saurga
1037 4315 1168 4361 Conclusio.

237 4426 258 4474 5.
278 4428 329 4490 Op.
349 4427 422 4491 Imp,
444 4427 459 4474 l.
478 4443 499 4475 c.
519 4443 544 4491 p.
563 4426 622 4477 812.
