3082 5138
194 470 262 516 cm.
278 455 316 539 u]
600 480 705 528 enlnn
725 479 820 528 Pons.

194 660 211 695 a
236 640 348 695 ricunne
371 640 526 707 iudicatur,
559 641 760 697 conuenienter
784 641 891 697 dicitur
914 642 996 697 sedes
1021 642 1086 698 Dei.
1116 643 1187 699 Pec-

196 738 279 782 cator
303 745 372 782 vero
396 727 442 782 cui
474 727 581 783 dictum
607 739 663 782 est:
701 728 793 784 Terra
827 746 857 784 es
886 728 963 783 etin
987 738 1099 783 terram
1124 730 1186 801 ibis,

195 816 260 889 quia
281 832 337 888 per
370 814 511 869 iusticiam
546 814 656 870 meritis
690 815 780 891 digua
813 816 995 883 tribuentem,
1030 816 1057 869 in
1082 817 1187 892 infimis

195 903 350 957 ordinatur
373 912 400 956 et
423 901 472 975 qui
494 903 520 956 in
545 903 610 978 lege
635 920 753 958 retorsere
784 903 874 957 noluit
899 903 1034 978 sublege
1054 905 1184 977 putetur,

194 999 390 1065 congruenter
413 989 555 1062 accipitur
577 988 735 1044 scabellum
757 990 865 1064 pedum
890 989 955 1046 Dei.

170 1071 182 1119 5
238 1077 296 1131 Sed
319 1076 376 1130 iam
402 1086 431 1130 ut
455 1077 538 1130 istam
572 1093 681 1150 qnoque
710 1076 918 1132 concludamus
940 1095 1093 1144 summam,
1118 1078 1187 1151 quid
1249 1088 1352 1149 omnus

195 1163 368 1218 laboriosius
385 1175 411 1217 et
427 1163 578 1238 operosius
601 1163 659 1218 dici
674 1174 723 1218 aut
745 1164 874 1240 cogitari
893 1174 999 1238 potest,
1026 1164 1073 1218 ubi
1088 1183 1185 1219 ornnes
1222 1153 1374 1236 ‘gilfil-unffi&

194 1268 300 1305 neruos
332 1250 473 1306 industrie
509 1268 559 1306 sue
593 1251 707 1306 animus
732 1251 834 1327 fidelis
869 1261 1005 1306 exerceat
1039 1269 1123 1325 quarn
1156 1253 1184 1306 in

195 1338 300 1392 uiciosa
318 1337 521 1393 consuetudine
537 1337 727 1411 superanda?
744 1338 896 1393 Prescidat
913 1338 1042 1393 membra
1060 1356 1183 1414 regumn

194 1425 321 1479 celorum
339 1425 538 1499 impediencia,
555 1442 590 1480 ne
605 1424 707 1480 dolore
723 1425 931 1502 frangantur:
955 1425 1070 1481 tolleret
1088 1425 1183 1480 onmia

155 1511 220 1565 ¹⁰in
236 1511 302 1586 fide
333 1511 483 1588 coniugali
505 1530 557 1586 que
590 1512 722 1586 qttamvis
753 1511 808 1567 sint
834 1512 1048 1581 molestissima,
1073 1512 1182 1567 crimen

193 1608 289 1653 tamen
311 1597 410 1654 illicite
425 1599 635 1673 corrupciouis,
653 1599 683 1655 id
698 1609 750 1667 est,
766 1599 980 1675 fornicacionis
997 1618 1051 1655 non
1069 1600 1182 1669 habeut,

194 1686 282 1739 ueluti
303 1685 329 1740 si
352 1703 474 1742 uxorem
496 1686 613 1760 quisque
637 1686 739 1742 habeat
763 1687 823 1743 siue
845 1685 974 1742 sterilem
998 1686 1059 1743 siue
1082 1687 1182 1760 desor-

193 1790 266 1826 mem
289 1790 413 1846 corpore
428 1773 488 1829 sive
509 1772 630 1828 debilem
654 1774 791 1829 nzembris
813 1772 858 1828 uel
878 1790 974 1827 cecam
993 1773 1039 1828 uel
1060 1773 1181 1828 surdam

194 1859 239 1912 uel
261 1859 406 1929 claudam,
440 1860 485 1915 vel
507 1860 533 1915 si
554 1860 664 1933 aliquid
693 1861 774 1916 aliud
801 1860 862 1915 siue
886 1860 994 1916 ritorbis
1017 1860 1077 1916 sive
1101 1861 1182 1915 dolo·

154 1939 272 2000 ¹5ribus
296 1945 543 2023 languoribusque
576 1947 738 2021 consectam
763 1958 790 2004 et
813 1946 948 2021 quicquid
971 1957 1092 2021 excepta
1110 1946 1181 2020 sor·

193 2033 340 2088 uicacione
363 2035 491 2111 cogitari
510 2044 606 2109 potest
631 2035 812 2090 vehementer
836 2033 978 2089 horribile
998 2052 1056 2108 pro
1067 2034 1133 2109 fide
1155 2044 1182 2089 et

192 2120 327 2176 societate
348 2122 486 2177 sustineat
503 2139 591 2194 neque
606 2123 699 2176 solum
717 2122 804 2176 talem
818 2138 873 2176 non
890 2121 993 2176 abiciat
1017 2121 1069 2176 sed
1091 2120 1181 2175 eciam

191 2207 217 2260 si
231 2225 286 2261 iton
303 2208 406 2263 habeat
422 2227 476 2264 tion
494 2210 581 2263 ducat
604 2227 666 2265 eam
685 2227 738 2283 que
753 2209 847 2263 soluta
864 2219 938 2263 esta
957 2208 1020 2262 niro
1033 2208 1181 2282 pulcram,

191 2312 302 2359 sanam,
326 2295 453 2363 diuitem,
464 2296 637 2369 secundam.
668 2297 730 2364 Que
752 2297 779 2351 si
793 2296 900 2370 facere
921 2295 1067 2363 nonlicet,
1092 2294 1182 2349 trtttlto

149 2386 181 2418 20
193 2380 286 2435 enimes
310 2382 366 2437 sibi
387 2383 474 2437 licere
497 2383 658 2438 arbitretur·
674 2384 713 2438 ad
729 2383 819 2437 ullum
844 2383 933 2437 alium
958 2383 1089 2437 illicitum
1114 2399 1180 2436 cou-

192 2468 316 2523 cubitum
333 2470 481 2528 accedere.
505 2470 794 2544 fornicacionemque
809 2469 850 2525 sic
867 2470 982 2545 fugiat,
1000 2480 1029 2523 ut
1052 2470 1087 2523 ab
1104 2469 1183 2523 oinni

192 2555 273 2629 turpi
293 2556 483 2631 corruptione
498 2575 559 2612 sese
575 2558 723 2613 extrahat.
754 2557 858 2611 Verum
876 2557 1023 2630 loquatur,
1040 2573 1129 2630 neque
1151 2556 1181 2610 id

193 2643 385 2699 inracionibus
413 2644 525 2699 crebris
555 2646 607 2698 sed
639 2663 752 2699 ritiirtnn
778 2644 924 2718 probitate
951 2644 1130 2699 commendet
1154 2654 1182 2698 et

194 2730 365 2785 rebellantes
397 2741 498 2785 contra
531 2748 561 2787 se
594 2733 719 2786 omnium
754 2727 900 2785 malarum
942 2730 1179 2786 consuetudinum

150 2804 181 2854 ²5
193 2817 294 2872 turbas
318 2817 541 2872 innumerabiles
565 2829 590 2873 et
608 2818 764 2875 horribiles
786 2818 938 2892 dequibus
955 2835 1053 2873 omnes
1076 2815 1179 2872 intelli-

191 2915 332 2980 gerentur
353 2922 446 2979 pauce
469 2917 693 2961 couunentorate
715 2917 792 2975 suin,
825 2906 996 2983 confugiens
1019 2905 1059 2958 ad
1081 2901 1179 2959 arcem

192 2991 406 3046 securissimam
427 2991 584 3047 christiane
605 2992 709 3048 milicie
730 3004 877 3068 taruquam
896 2995 931 3048 de
951 2992 1014 3047 loco
1030 2991 1181 3066 superiore

185 3077 312 3151 sortiter
335 3089 362 3133 et
384 3089 500 3134 strenue
523 3080 550 3134 in
571 3080 689 3135 Christo
707 3090 887 3155 prosternat.
918 3080 976 3135 Sed
1000 3078 1062 3152 quis
1084 3089 1180 3133 tantos

193 3165 307 3220 labores
340 3165 413 3221 inire
440 3166 545 3221 audeat
573 3167 628 3222 nisi
650 3167 699 3241 qui
730 3168 770 3222 sic
793 3167 912 3244 flagrat
935 3183 1038 3222 acriore
1060 3165 1180 3232 iusticie,

150 3242 222 3306 30ut
245 3263 392 3326 tamquam
408 3253 496 3327 sarire
519 3264 545 3308 et
568 3253 617 3309 siti
633 3254 880 3310 uehementissime
903 3270 1041 3310 accensus
1064 3263 1091 3307 et
1114 3251 1178 3306 riul-

192 3339 250 3393 lam
274 3340 329 3394 sibi
351 3339 450 3409 uitam,
479 3341 568 3396 donec
596 3359 628 3396 ea
652 3341 780 3397 saciatur
812 3341 982 3396 existimaus
1007 3340 1064 3394 uim
1080 3339 1179 3414 saciat

191 3426 264 3480 sicut
289 3427 379 3481 bonus
407 3427 488 3483 miles
520 3439 547 3482 et
580 3429 715 3483 robustus
740 3428 866 3483 bellator
891 3429 918 3483 in
944 3446 1068 3504 reguum
1103 3426 1177 3481 celo-

192 3513 280 3567 rum?
320 3513 384 3567 Non
422 3515 614 3569 animaliter
645 3533 706 3570 esse
743 3515 853 3590 poterit
878 3515 973 3590 sortis
1011 3515 1050 3568 ad
1083 3513 1178 3568 omnia

190 3600 342 3654 toleranda
380 3618 433 3674 que
475 3603 502 3656 in
541 3601 727 3676 precideudis
761 3603 1013 3658 consuetudinibus
1046 3599 1179 3676 reprobis

149 3674 336 3742 35laboriosa
353 3698 379 3742 et
395 3689 489 3743 ardua
513 3699 539 3743 et
563 3689 677 3744 omnino
701 3689 835 3766 difficilia
858 3690 948 3746 seculi
970 3689 1054 3744 huius
1077 3686 1179 3742 molles

192 3774 356 3848 deceptique
385 3787 533 3831 amatores
554 3786 668 3850 putant,
702 3777 789 3833 Beati
810 3777 904 3853 igitur
927 3776 976 3851 qui
997 3776 1127 3831 esuriunt
1152 3784 1178 3830 et

241 4080 259 4122 5.
276 4080 304 4122 B:
321 4081 368 4123 Sed
382 4081 429 4123 iam
444 4087 470 4123 ut
482 4081 527 4124 ista
542 4093 633 4137 quoque
647 4083 811 4127 concludamus
822 4085 888 4179 puid.
951 4099 972 4128 n.
988 4085 1021 4127 A:
1037 4095 1081 4127 noc
1096 4084 1177 4127 dolere

188 4129 327 4188 frangatur.
389 4145 432 4194 .¹.⁰
453 4135 558 4176 B:sunt.
642 4135 893 4198 17.·B:solum'eest.
951 4131 993 4178 '22
1010 4139 1042 4180 A:
1060 4137 1176 4189 loquetur.

190 4183 221 4227 25.
237 4189 271 4228 A:
286 4190 308 4227 et
323 4186 448 4229 horribiles
462 4187 533 4229 deest.
600 4186 634 4241 25,
649 4196 684 4231 πο.
701 4189 729 4231 B:
745 4189 819 4231 tutelli
838 4195 910 4232 ereut.
978 4188 1012 4234 28.
1025 4192 1177 4245 prosternat;

190 4238 223 4280 A:
236 4237 350 4292 profluat.
404 4249 439 4293 29.
454 4240 488 4282 A:
503 4238 595 4282 audiat.
651 4238 685 4292 34.
701 4242 736 4285 A:
752 4202 858 4296 reprobis
872 4243 944 4285 deest.

243 4412 265 4447 2.
286 4398 351 4447 Gen.
370 4399 410 4462 ΙΙΙ,
434 4416 471 4467 19.
544 4399 583 4453 36.
604 4400 694 4451 Metth.
713 4403 745 4464 V,
765 4400 789 4452 6.
